1709 3042
374 139 490 201 με
655 119 1261 180 oRAT10PRo

367 221 599 294 aditum,
617 222 887 279 aditionem
903 215 955 278 se
968 218 1225 279 daturum
1242 219 1493 296 negavitz
1506 239 1571 279 re

364 308 608 386 judicata
621 306 746 364 stari
761 305 995 364 ostendit
1008 305 1245 383 placere.
1284 307 1489 364 iterum
1500 301 1570 364 is·
1667 341 1668 344 =

371 409 450 465 te,
466 395 553 451 cui
569 393 752 450 nunus
769 391 895 450 esset
908 390 1133 468 usquam
1147 389 1483 450 confistendi
1494 393 1575 451 lo-

372 499 492 551 cus,
519 486 752 536 Romam
766 475 819 534 se
833 476 1037 535 retulin
1064 473 1413 553 persequitur
1430 485 1573 536 Her·

372 566 616 642 mippuS,
649 564 748 641 qui
779 581 1063 640 nunquam
1096 559 1245 618 istius
1276 562 1577 640 impuden-

373 653 482 708 tiae
504 649 668 709 ceffit.
713 649 852 728 petit
874 645 1187 705 Heraclides
1220 667 1257 704 a
1280 653 1353 706 C.
1390 649 1581 708 Plotio
1667 655 1668 658 ’

373 734 644 808 senatore,
671 727 798 793 viro
825 733 1107 813 primario,
1142 733 1239 809 qui
1262 732 1489 809 legatus
1514 737 1579 794 in

375 818 502 880 Afia
516 820 716 894 fuerat,
741 820 1011 897 mancipia
1034 817 1325 896 quaedam,
1342 819 1581 897 quaese,
1667 843 1668 864 ³

375 925 504 965 cum
519 905 820 982 judicatum
835 903 983 976 effet,
1016 923 1111 982 per
1130 906 1249 962 vim
1274 905 1585 964 vendidisse

375 992 614 1052 dicebat.
663 997 736 1064 Q.
765 987 937 1061 Naso,
951 992 1038 1048 vir
1054 990 1461 1064 ornatiffimus,
1490 994 1587 1070 qui

377 1093 602 1158 praetor
611 1074 812 1146 fuerat,
829 1075 1007 1150 judex
1020 1072 1249 1132 sumitur
1264 1097 1281 1134 ε
1314 1079 1447 1153 qui,
1462 1099 1587 1136 cum

377 1161 702 1222 sententiam
731 1159 1029 1219 secundum
1060 1158 1305 1218 Plotium
1328 1158 1389 1218 se
1412 1164 1587 1220 dieiu-

377 1269 502 1308 rum
524 1245 852 1320 ostenderet,
881 1261 937 1304 et
974 1247 1043 1304 ab
1070 1265 1137 1302 eo
1161 1245 1355 1320 judice
1386 1250 1587 1322 abiret,

379 1331 810 1412 qubdjudicium
826 1331 943 1408 lege
960 1351 1079 1390 non
1094 1345 1232 1405 erat,
1260 1331 1485 1392 eausam
1496 1349 1589 1392 to·

379 1435 496 1478 tam
515 1418 756 1496 reliquit.
803 1416 993 1476 satisne
1006 1417 1193 1489 vebia,
1218 1417 1475 1492 Judices,
1500 1420 1587 1476 vi-

379 1505 519 1566 deor
533 1504 599 1562 ad
615 1501 861 1580 singulos
886 1502 1038 1562 testes
1065 1500 1347 1575 accedere,
1380 1525 1589 1582 neque,

380 1607 444 1648 ut
456 1592 634 1666 ptimo
645 1587 1029 1648 constitueram
1034 1589 1453 1663 ‚tantummodo
1462 1611 1587 1649 cum

383 1672 641 1733 universo
657 1693 854 1750 genere
870 1674 1375 1749 confligere?venio
1393 1675 1460 1734 ad
1472 1682 1585 1752 Ly·

381 1758 588 1820 saniam
609 1757 846 1835 ejusdem
862 1760 1128 1832 civitatiS,
1149 1759 1481 1836 peculiarem
1498 1776 1584 1818 tu-

382 1865 500 1918 um,
515 1846 781 1918 Decime,
796 1843 1003 1904 testemz
1020 1864 1187 1921 quem
1198 1861 1257 1902 tu
1281 1844 1415 1904 etim
1430 1849 1585 1925 ephe-

383 1931 516 1990 bum
532 1931 740 1988 Temni
771 1928 1079 2006 cognofl‘es,
1100 1932 1371 2008 quoniam
1404 1947 1459 1990 te
1478 1951 1585 1988 nu-

379 2011 488 2076 diis
507 2013 820 2088 delestarat,
841 2013 1049 2094 semper
1070 2014 1279 2074 nudum
1304 2015 1413 2075 effe
1432 2016 1585 2076 volu-

379 2101 489 2162 isti.
521 2098 788 2161 abduxisti
808 2107 1035 2160 Temno
1054 2101 1469 2178 Apollonidem.
1490 2123 1580 2179 pe-

383 2189 610 2247 cuniam
623 2183 1030 2246 adolescentulo
1043 2186 1237 2262 grandi
1252 2184 1507 2262 foenore,
1520 2186 1583 2245 fi·

385 2272 546 2330 dacia
569 2261 757 2328 tamen
775 2286 1015 2350 accepta,
1038 2271 1395 2348 occupavisti.
1442 2277 1581 2330 hanc

381 2353 636 2410 fiduciam
653 2354 987 2414 commiffam
1002 2357 1103 2413 tibi
1118 2357 1277 2414 dicis:
1304 2372 1461 2415 tenes
1482 2361 1580 2418 ho·

374 2434 488 2507 die,
509 2455 574 2512 ae
591 2436 848 2513 poffides.
894 2459 1021 2500 eum
1034 2455 1095 2499 tu
1112 2439 1296 2500 testem
1320 2439 1413 2520 spe
1428 2453 1579 2514 reeu-
