1709 3042
489 202 621 257 A·G
644 200 698 256 R
723 202 848 257 AR
871 202 904 257 1
930 204 998 257 A.
1287 200 1365 271 69

162 315 285 355 mm
312 292 667 375 praediorum
686 291 932 375 sumptus
948 292 1238 355 sustentare
1249 294 1368 374 pol²

153 380 311 459 ⁴sint:⁶
325 381 496 460 -quod
518 379 557 439 fi
578 380 812 440 vestrum
842 381 1194 441 commodum
1217 380 1251 441 s
1243 402 1367 461 pec·-

162 482 279 528 tat:
312 470 536 536 veniat,
581 483 637 525 et
666 488 851 527 coram
883 488 1100 527 mecum
1137 468 1206 527 de
1251 470 1366 545 agri

90 551 1000 637 29Campanidivifione41sputet.
1119 552 1368 630 Quaesivi

150 658 237 701 ex
248 662 319 700 eo
334 639 591 699 kalendis
614 640 885 715 Januarii,
907 640 1110 718 quibus
1125 643 1369 701 homini-

154 730 289 801 bus,
304 742 367 785 et
380 725 845 805 quemadmodum
863 725 1018 787 illum
1035 746 1226 805 agrum
1241 725 1370 787 esset

152 812 576 875 distributurus.
624 810 932 893 respondit,
962 834 994 873 a
1014 813 1250 873 Romilia
1270 814 1370 873 tri-

158 902 235 961 bu
246 898 300 959 se
315 901 543 959 initium
556 896 660 959 effe
672 898 956 959 facturum.
969 900 1369 979 primum,quae

156 985 237 1047 est
256 984 357 1045 ista
372 984 621 1064 superbia
634 1001 693 1044 et
706 985 1062 1061 contumelia,
1085 1001 1148 1045 ut
1172 986 1368 1067 populi

156 1093 295 1155 pars
314 1086 656 1151 amputetur,
686 1071 828 1131 ordo
858 1074 1100 1141 tribuum
1126 1073 1370 1151 negliga-
1435 1132 1442 1139 ,

146 1160 287 1231 gur?
314 1174 448 1217 ante
464 1156 675 1217 rusticis
688 1156 846 1217 detur
861 1178 1008 1235 ager,
1025 1162 1122 1238 qui
1145 1160 1372 1237 habent,

148 1242 601 1326 quam-ufbaniS,
616 1243 815 1323 quibus
830 1242 928 1303 ista
945 1246 1062 1323 agri
1078 1243 1194 1325 spes
1211 1247 1370 1323 etju·

156 1330 427 1393 cunditas
444 1330 777 1389 ostenditur?
796 1346 914 1405 aut,
932 1330 970 1389 fi
983 1334 1090 1390 hoc
1106 1333 1172 1390 ab
1185 1330 1238 1391 se
1247 1332 1369 1394 dic-

156 1434 285 1479 tum
304 1431 500 1495 negat,
516 1432 575 1476 et
588 1415 892 1476 satisfacere
915 1420 1174 1477 omnibus
1207 1420 1368 1481 vobit

155 1506 383 1582 cogitat
398 1526 416 1575 3
442 1501 705 1583 proferat:
734 1504 793 1561 in
808 1506 998 1581 jugera
1013 1504 1154 1563 dena
1168 1504 1369 1565 descri-

148 1593 283 1651 -bate
310 1588 640 1649 a'Suburana
656 1588 821 1668 usque
834 1590 902 1648 ad
921 1589 1244 1649 Arniensem
1262 1602 1368 1651 no-

160 1680 325 1737 mina
338 1674 517 1735 vestra
531 1692 831 1755 proponat:
877 1674 916 1735 fi
933 1698 1050 1737 non
1077 1677 1248 1736 modo
1274 1678 1368 1737 de-

162 1784 239 1822 na
264 1765 469 1841 jugera
494 1762 609 1821 dari
643 1764 829 1837 vobis,
853 1760 944 1821 sed
975 1785 1048 1822 ne
1075 1763 1371 1843 constipari

160 1850 394 1927 quidem
411 1864 629 1909 tantum
637 1869 926 1909 numerum
946 1852 1234 1923 hominum
1249 1848 1372 1930 pos-

150 1934 508 2013 sein-agrum
540 1942 884 2014 Campanum
910 1936 1223 2013 intelligetis
1246 1960 1261 1997 ε
1289 1952 1370 1996 ta·

162 2042 375 2082 menne
404 2024 595 2081 vexari
628 2021 1040 2099 rempublicam,
1087 2025 1373 2083 contemni

155 2107 505 2188 majestatem
534 2106 727 2187 populi
754 2110 1011 2182 Romani,
1033 2106 1218 2167 deludi
1246 2106 1372 2168 vos-

158 2192 435 2275 metipsos
460 2194 665 2252 diutius
683 2215 713 2251 a
739 2196 964 2253 tribuno
995 2193 1170 2275 plebis
1197 2196 1370 2275 patie-

155 2282 341 2341 mini?
368 2279 521 2359 quod
538 2277 577 2338 fi
598 2277 773 2359 poss'et
786 2300 914 2357 ager
929 2278 1022 2339 iste
1043 2281 1112 2340 ad
1128 2300 1234 2351 vos
1249 2300 1373 2361 perf·

165 2369 388 2427 venire:
404 2384 600 2425 nonne
614 2380 735 2439 eum
752 2381 939 2427 tamen
956 2368 1016 2425 in
1033 2368 1374 2446 patrimonio

152 2451 351 2513 ,vestro
368 2472 652 2513 remanere
672 2451 948 2512 malletis?
975 2472 1223 2513 unumne
1245 2448 1372 2513 fun·-

164 2537 305 2601 dum
326 2539 755 2622 pulcherrimum
768 2539 965 2623 populi
989 2541 1252 2616 Romani,
1278 2556 1377 2597 ›ca-
