1709 3042
491 169 1063 225 L.FLACCO.
1265 181 1373 242 309

167 266 477 340 Lentulus,
500 267 594 344 qui
613 264 804 324 censor
829 265 957 339 fuit,
989 265 1380 324 Temnitarum

169 369 476 435 patronus,
489 352 674 410 literas
693 350 927 410 mifill'ett
948 351 1292 410 Heraclidem
1310 348 1381 409 is·

173 455 303 500 tum
335 439 542 496 Temni
567 457 733 494 nemo
756 435 939 514 postea
968 435 1132 495 vidit.
1193 451 1384 514 atque,

175 541 248 584 ut
269 525 391 601 ejus
417 521 809 600 impudentiam
841 521 1139 600 perspicere
1152 521 1381 602 pellitis,

182 607 402 671 causam
433 607 620 686 ipsam,
645 626 782 684 quae
803 607 1298 666 levissimihominis
1324 627 1380 664 a·

181 697 404 756 nimum
443 696 502 752 in
542 693 796 752 Flaccum
833 694 1120 766 incitavit,
1150 691 1351 772 quaeso
1362 737 1382 768 ,

18 777 21 844 s
96 804 165 840 20
185 778 527 858 cognoscite.
667 779 918 837 Fundum
940 784 1242 856 Cymaeum
1266 785 1380 837 Ro-

183 887 310 927 mae
325 881 593 924 mercatus
617 863 692 921 est
712 863 780 921 de
803 864 1011 942 pupillo
1040 865 1379 925 Meculonio.

185 973 317 1014 cum
332 953 514 1010 verbis
538 949 590 1007 se
607 950 938 1026 locupletem
964 949 1187 1022 faceret,
1219 952 1383 1008 habe·

185 1053 273 1096 ret
287 1037 421 1095 nihil
434 1049 644 1115 praeter
654 1034 798 1092 illam
813 1036 957 1111 impu
964 1036 1387 1113 dentiam,quam

188 1122 713 1200 videtis,pecuniam
731 1119 947 1198 sumpfit
962 1135 1202 1178 mutuam
1219 1127 1383 1180 aSex.

186 1207 365 1281 Stola,
389 1205 574 1282 judice
588 1209 696 1263 hoc
719 1205 929 1280 nostro,
952 1207 1215 1284 primario
1238 1209 1383 1278 viro,

189 1295 290 1372 qui
313 1307 368 1350 et
390 1311 500 1350 rem
517 1290 782 1367 agnoscit,
808 1311 987 1368 neque
1008 1295 1283 1351 hominem
1303 1294 1384 1370 ig·

191 1393 364 1438 norat
382 1398 399 1435 t
435 1378 529 1454 qui
549 1392 731 1435 tamen
749 1376 975 1435 credidit
998 1383 1057 1436 P.
1076 1377 1253 1436 Fulvii
1270 1385 1384 1435 Ve-

197 1463 616 1539 ratii,1effiffimi
633 1465 900 1537 hominia,
915 1462 1037 1522 fide.
1077 1465 1127 1521 ei
1142 1485 1262 1522 cum
1280 1460 1385 1520 sol·
1402 1487 1407 1492 ·

189 1565 372 1622 vetet,
395 1547 611 1628 sumpsit
641 1569 674 1606 a
699 1554 766 1607 C.
787 1563 842 1607 et
866 1555 947 1606 M.
968 1547 1158 1621 Fufiis,
1188 1549 1385 1626 equiti-

193 1636 299 1695 bus
319 1636 877 1712 Romanis,primariis
896 1636 1049 1692 viris·
1096 1635 1185 1692 hic
1198 1637 1388 1692 hercu-

192 1720 271 1795 le,
297 1721 504 1780 cornici
522 1720 766 1792 oculum,
784 1734 845 1776 ut
865 1717 1083 1777 dicitur.
1102 1738 1227 1776 nam
1244 1720 1391 1777 hunc

193 1807 584 1884 Hermippum,
608 1807 885 1863 hominem
909 1805 1200 1879 eruditum,
1216 1805 1391 1864 civem

189 1890 376 1963 suum,
409 1893 495 1948 cui
526 1891 755 1950 debebat
777 1889 881 1948 effe
910 1889 1235 1958 notiffimus,
1268 1909 1390 1968 per·

194 1976 370 2038 cuffit:
388 1976 509 2053 ejus
525 1978 668 2035 enim
687 1977 792 2035 fide
807 1974 1023 2055 sumpsit
1044 1997 1073 2034 a
1089 1975 1274 2033 Fufiis.
1314 1971 1391 2034 se·

191 2081 362 2122 curus
373 2063 708 2141 Hermippus
721 2069 1001 2121 Temnum
1013 2060 1391 2140 proficiscitur,

195 2169 326 2222 cum
341 2147 434 2206 iste
449 2145 552 2205 sese
570 2149 882 2226 pecuniam,
906 2167 1071 2218 quam
1102 2147 1263 2222 hujus
1286 2145 1393 2203 fide

193 2230 511 2312 sumpserat,
529 2255 558 2290 a
576 2233 852 2310 discipulis
878 2232 985 2289 suis
1000 2230 1203 2289 diceret
1226 2229 1395 2288 Fufiis

193 2317 622 2401 persoluturum.
669 2319 899 2376 habebat
916 2317 1065 2374 enim
1082 2318 1287 2374 Rhetor
1304 2315 1395 2375 iste

195 2401 566 2464 adolescentes
599 2402 865 2482 quosdam
898 2401 1218 2481 locupletes„
1251 2421 1393 2479 quos

191 2487 433 2550 dimidio
459 2489 710 2550 redderet
729 2488 1027 2565 stultiores,
1060 2492 1225 2568 quum
1242 2507 1397 2548 acce·
