1709 3042
324 131 401 220 84
675 155 1123 213 DELEGE

319 246 639 325 bere,atque
646 250 843 307 horum
858 246 1152 328 conspeEtu
1164 246 1382 327 privare
1399 243 1528 325 pos-

282 410 287 415 ἱ
321 329 471 391 setis:
497 348 557 391 ut
574 333 713 391 nihil
726 354 791 391 au
798 354 860 391 ro
875 350 934 393 et
947 350 1176 411 argento
1191 332 1413 406 violari,
1437 333 1529 389 ni·

244 436 257 447 ⁶
320 418 403 475 hil
423 439 679 493 numere,
700 436 756 477 et
780 417 1047 496 suffragiis
1074 418 1358 491 declarari,
1383 415 1530 475 nihi}

322 502 461 563 elata
490 524 657 563 manu
682 504 948 583 perfringi
979 502 1170 582 poffet,
1217 500 1370 581 quod
1399 522 1530 563 nou

323 608 429 647 vos
446 587 764 668 oppressum,
780 596 946 668 atque
958 606 1206 669 ,ereptum
1223 589 1483 658 teneretis
1505 610 1528 655 s„

324 690 388 734 ut
403 676 713 735 volitaretis
730 678 938 739 interea
953 696 1049 754 per
1067 690 1383 753 genteS,per
1400 694 1526 749 reg·

324 782 399 821 na
415 765 603 822 omnia
624 782 748 819 cum
774 763 1006 841 imperio
1035 760 1270 833 summo,
1293 760 1528 835 cumja-

322 846 475 909 dicio
492 847 737 919 infinito,
760 868 884 907 cum
903 850 1058 907 omni
1075 848 1326 926 pecunia:
1353 861 1416 904 ut
1431 865 1528 904 ve·

322 934 521 994 nitetis
546 936 604 991 in
630 932 795 991 castra
824 940 933 991 Cn.
961 934 1231 1008 Pompeii,
1253 945 1419 1009 atque
1441 932 1528 1009 ip-

324 1016 383 1080 sa
398 1017 587 1093 castra,
610 1017 648 1079 fi
662 1018 1014 1079 commodum
1027 1020 1190 1077 vobis
1212 1014 1364 1089 esset,
1387 1038 1528 1077 ven·

324 1104 525 1165 deretis
547 1128 562 1164 ι
587 1120 649 1163 ut
670 1106 879 1163 interea
894 1102 1234 1179 magistratus
1256 1101 1528 1179 reliquos,

322 1188 537 1267 legibus
560 1192 821 1251 omnibus
846 1188 1035 1263 soluti,
1055 1187 1166 1247 fine
1190 1202 1340 1247 metu
1367 1187 1526 1264 judis

323 1277 535 1336 ciorum
549 1318 567 1346 ,
594 1275 705 1335 fine
728 1273 972 1355 periculo
1012 1287 1194 1353 petere
1241 1272 1466 1353 possetis
1501 1295 1520 1333 t

323 1376 388 1421 ut
402 1382 567 1424 nemo
582 1361 651 1423 ad
680 1362 940 1441 populum
958 1368 1270 1421 Romanum
1301 1380 1408 1419 vos
1425 1360 1525 1420 ad·

324 1447 547 1522 ducere,
586 1468 752 1507 nemo
783 1446 1105 1524 producere,
1142 1466 1264 1505 non
1295 1441 1522 1505 senatus

326 1552 695 1610 eogere,.non
729 1530 920 1593 consul
955 1534 1234 1605 coiircete,
1263 1552 1386 1591 non
1420 1534 1524 1591 tri·-

324 1622 507 1679 bunus
538 1619 712 1699 plebis
744 1621 980 1692 retinere
1008 1616 1185 1695 poffit.
1245 1620 1380 1677 haec
1415 1636 1526 1694 ego

325 1726 433 1765 vos
450 1702 777 1786 concupiisse
793 1724 896 1784 pro
911 1700 1082 1763 vestra
1097 1701 1342 1776 stultitia,
1359 1718 1526 1781 atque

326 1792 748 1871 intemperantia
772 1810 891 1849 non
915 1790 1119 1847 miror:
1160 1786 1406 1867 spei-affe,
1440 1810 1528 1849 me

324 1875 568 1952 consule,
581 1874 779 1955 ass'equi
794 1872 962 1955 poss'e,
973 1874 1234 1934 demiror.
1253 1895 1382 1934 nam
1397 1896 1529 1935 cum

326 1964 581 2026 onmium
610 1960 896 2022 consulum
931 1962 1116 2037 gravis
1157 1961 1216 2017 in
1247 1961 1529 2039 republica

325 2047 678 2113 custodienda
690 2068 821 2109 cura
836 2068 899 2105 ac
908 2045 1194 2123 diligentia
1213 2044 1374 2107 debet
1395 2045 1527 2121 effe,

320 2134 449 2193 ‘tum
460 2154 656 2193 eorum
668 2134 928 2205 maxime,
951 2132 1047 2209 qui
1065 2152 1185 2191 uon
1201 2132 1262 2190 in
1277 2133 1527 2193 cunabu-

324 2220 421 2295 lis,
435 2218 555 2278 sed
542 2241 599 2279 m
616 2239 811 2298 campo
828 2217 952 2277 sunt
961 2215 1216 2275 consules
1227 2215 1374 2275 faeti.
1394 2218 1528 2275 nul·

322 2304 367 2365 li
390 2303 599 2384 populo
623 2311 878 2363 Romano
906 2322 1010 2382 pro
1039 2322 1124 2361 me
1147 2303 1384 2377 majores
1413 2304 1526 2363 mei

314 2388 774 2469 spoponderuntz
802 2390 934 2447 mihi
951 2386 1218 2447 creditum
1235 2385 1347 2445 est.
1331 2408 1406 2445 ·a
1431 2408 1524 2459 me

314 2490 506 2553 petere
532 2474 687 2553 quod
714 2473 914 2551 debet),
941 2493 1030 2536 me
1051 2472 1228 2551 ipsum
1247 2472 1523 2553 appellare
