1709 3042
330 201 435 275 ¹3⁶
653 202 1074 258 ORATIO
1133 205 1184 257 1.

314 300 482 361 dum:
522 302 769 379 vigilare,
812 320 932 360 non
969 299 1516 363 soluni‘infidiantem

316 385 513 447 somno
542 388 888 459 maritorum,
925 406 1116 447 verum
1151 389 1314 447 etiam
1347 390 1515 447 bonis

315 474 815 536 occisorum.habes
830 474 922 531 ubi
939 472 1176 532 ostentes
1193 474 1337 532 illam
1351 495 1516 555 prae-

290 562 518 621 'claram
534 576 682 618 tuam
706 561 1029 638 patientiam
1054 560 1236 632 famis,
1263 560 1516 637 frigoris,

314 649 535 727 inopiae
552 666 731 705 rerum
754 647 1038 705 omnium:
1065 649 1266 725 quibus
1291 660 1346 704 te
1357 649 1517 705 brevi

315 749 564 812 tempore
580 731 894 793 confeci-um
911 727 1019 791 'effie
1037 731 1262 791 senties-
1293 748 1515 793 tantum

314 818 525 903 profeci
548 834 690 893 turn,
720 840 842 879 cum
870 834 924 876 te
954 840 984 877 a
1008 817 1289 877 consulatu
1315 820 1516 897 repuli,

314 924 379 968 ut
392 905 519 967 exul
536 907 721 985 potius
736 919 971 977 tentare,
989 924 1152 983 quam
1169 903 1362 963 consul
1377 926 1518 964 vex·

316 1016 407 1054 are
421 992 807 1071 rempublicam
825 990 1185 1073 poss'ettatque
1201 1006 1263 1048 ut
1279 991 1517 1071 id‚quod

223 1143 228 1148 ,
314 1079 445 1141 effet
468 1100 499 1138 a
520 1093 575 1137 te
608 1075 857 1137 scelerate
885 1076 1206 1157 susceptum,
1230 1076 1520 1138 latrocini·

316 1188 410 1227 um
450 1166 657 1245 potius,
696 1184 860 1243 quam
884 1164 1085 1222 bellum
1109 1164 1512 1225 nominaretur.

316 1260 506 1325 Nunc,
530 1266 594 1309 ut
610 1270 640 1307 a
656 1270 763 1323 me,
787 1258 973 1309 Patres
990 1248 1314 1329 conscripti,
1333 1270 1518 1329 quan·
1539 1261 1550 1294 ¹
1567 1260 1583 1294 ¹

316 1340 442 1399 dam
458 1357 631 1417 prope
655 1334 857 1412 justam·
878 1337 1086 1415 patriae
1107 1337 1522 1414 querimoniam

317 1423 543 1485 detester
571 1444 634 1483 ac
663 1421 956 1501 deprecer:
983 1424 1264 1502 percipite,
1291 1422 1518 1499 quaeso,

317 1512 630 1587 diligenter,
654 1528 793 1585 quae
820 1507 1021 1581 dicam,
1051 1524 1108 1568 et
1130 1529 1193 1567 ea
1215 1508 1440 1587 penitus
1457 1530 1516 1569 a·

318 1599 485 1657 nimis
501 1593 687 1655 vestris
702 1591 1085 1672 mentibusque
1105 1594 1381 1654 mandate.
1429 1612 1515 1655 et-

318 1687 491 1756 enim,
522 1679 563 1739 fi
581 1700 794 1739 mecum
820 1681 1018 1759 patria,
1051 1700 1198 1759 quae
1225 1682 1362 1739 mihi
1393 1684 1520 1740 vita·

270 1780 278 1788 “
317 1790 440 1831 mea
460 1768 638 1827 multo
668 1766 740 1825 est
756 1769 957 1838 carior,
989 1764 1027 1823 fi
1051 1770 1246 1825 cuneia
1271 1766 1450 1841 Italia,
1473 1766 1512 1826 fi

320 1857 503 1917 omnis
540 1851 837 1933 respublica
874 1852 1169 1932 loquatur:
1204 1858 1286 1911 M.
1325 1853 1512 1929 Tulli,

320 1942 455 2023 quid
470 1942 586 2019 agis
609 1941 629 1997 ?
656 1955 789 1999 tune
809 1960 957 2013 eum,
987 1959 1151 2018 quem
1166 1937 1273 1997 effe
1301 1938 1514 2001 hostem

320 2024 663 2108 comperisti:
698 2045 864 2104 quem
894 2024 1090 2084 ducem
1111 2025 1243 2085 belli
1265 2024 1516 2085 futurum

319 2116 473 2177 vides
495 2136 512 2172 e
538 2131 700 2192 quem
731 2114 1006 2191 expestari
1033 2114 1423 2191 imperatorem
1455 2114 1516 2172 in

319 2200 501 2262 castris
515 2196 751 2257 hostium
764 2194 956 2271 sentis,
979 2201 1257 2257 auctorem
1274 2194 1513 2273 sceleris,

319 2288 619 2367 principem
631 2282 1518 2359 conjurationis‚evoeatore'1nset-
1573 2331 1580 2335 .

212 2426 231 2439 ‚
320 2391 540 2445 vorum,
562 2384 617 2427 et
632 2364 839 2429 civium
845 2370 1223 2463 perditorurn,
1245 2370 1402 2429 exire
1421 2391 1517 2451 pa-

322 2448 496 2525 tieris,
516 2471 578 2512 ut
594 2456 689 2513 abs
704 2469 757 2513 te
772 2475 892 2515 non
915 2453 1130 2515 emiss'us
1147 2476 1220 2517 ex
1234 2458 1395 2531 urbe,
1423 2454 1518 2519 sed

318 2536 612 2603 immissus
594 2558 656 2597 m
672 2540 861 2602 urbem
881 2539 984 2605 effi
1003 2540 1289 2605 videatur.
1275 2543 1296 2583 ³
1321 2562 1520 2617 nonne
