1709 3042
1265 188 1380 264 τες

726 427 759 483 1
786 426 843 483 N

222 613 1354 739 L.<:J³2T1L11x1.2⁸21x1.⁵

434 876 567 931 IN
628 874 1160 931 SENATU.

459 1074 870 1131 ORATIO
931 1076 1123 1131 XXII.

346 1310 506 1387 Ideo,
530 1316 717 1373 Patres
734 1308 1054 1391 constripfi,
1075 1313 1138 1370 ἰὴ
1153 1331 1240 1371 me
1256 1332 1380 1373 om·

407 1400 561 1457 nium
590 1397 827 1458 vestrstm
863 1418 962 1456 ora
985 1413 1152 1477 atque
1183 1398 1379 1457 oculos

170 1480 283 1543 effe
299 1484 620 1545 conversos,
667 1485 834 1545 video
848 1504 956 1545 vos
973 1506 1093 1544 non
1110 1482 1285 1543 solum
1309 1484 1378 1543 de

168 1567 381 1645 mestre,
396 1592 459 1632 ac
475 1571 823 1652 reipublicae,
840 1591 1034 1631 verum
1053 1572 1242 1644 etiam,
1260 1568 1295 1629 fi
1313 1570 1370 1629 id

166 1654 457 1736 depulsum
481 1656 568 1732 fit,
599 1657 669 1717 de
682 1678 808 1717 meo
830 1658 1076 1737 periculo
1096 1654 1198 1715 effe
1223 1656 1372 1716 solli-

166 1743 341 1803 citos,
392 1742 467 1803 est
481 1744 875 1822 mihijucunda
891 1745 949 1803 in
965 1744 1122 1804 malis
1129 1787 1146 1815 ,
1165 1759 1220 1802 et
1244 1764 1370 1821 gra·

166 1844 226 1887 ta
249 1830 313 1887 in
337 1826 556 1905 dolore,
584 1829 761 1889 vestra
792 1850 918 1907 erga
947 1850 1036 1889 me
1064 1828 1328 1889 voluntas
1349 1850 1369 1888 e

162 1914 259 1976 sed
284 1934 433 1990 eam,
465 1936 564 1995 per
584 1914 717 1975 deos
734 1915 1075 1975 immortales
1099 1920 1114 1974 !
1150 1914 1374 1992 quaese,

160 2001 459 2079 deponite,
504 2015 671 2081 atque
699 2003 861 2061 obliti
889 1998 1078 2060 salutis
1102 2022 1270 2074 meae,
1305 2001 1374 2060 de

157 2088 359 2159 vobis,
394 2106 457 2146 ac
472 2087 541 2146 de
553 2089 736 2147 liberis
752 2087 942 2148 vestris
967 2090 1232 2165 cogitate.
1265 2088 1370 2145 mi-

159 2171 221 2233 hi
240 2172 466 2252 quidem
482 2172 520 2232 fi
535 2177 669 2235 haec
684 2172 936 2233 conditio
950 2195 1055 2233 con
1063 2172 1266 2236 sulatfis
1277 2172 1373 2231 da·

158 2274 228 2319 ta
252 2257 356 2333 est,
386 2274 448 2318 ut
472 2280 665 2319 omnes
684 2261 1032 2334 acerbitates,
1057 2266 1248 2329 anes',
1266 2257 1368 2318 do-

145 2346 393 2419 loreS,cr
400 2349 579 2406 nciam
586 2344 717 2427 sque
732 2345 1045 2426 perferrem:
1057 2345 1225 2404 feram
1243 2366 1362 2404 non

144 2429 334 2491 solnm
350 2430 591 2504 fortiter,
620 2430 707 2491 sed
724 2432 1160 2505 etiam-libenter,
1195 2430 1354 2489 dum-

144 2516 329 2579 modo
350 2520 487 2579 meis
517 2518 823 2594 laboribus,
844 2519 1010 2580 vobis
1033 2516 1354 2597 populoque
