1709 3042
306 186 423 253 ‚140
642 178 1063 237 oRATJQ
1114 182 1161 238 1.

306 272 493 351 probi,
522 268 809 333 secernant·
819 271 872 332 se
893 294 926 333 a
938 276 1130 352 honis,
1151 294 1326 337 unum
1342 276 1404 337 in
1419 276 1514 338 io-

304 376 431 419 cum
460 374 870 438 congregentur
895 382 912 419 =
947 382 1109 422 muro
1143 362 1412 443 denique,
1451 364 1512 425 id

304 444 461 523 quod
490 443 643 523 saepe
664 444 785 524 jani
810 446 953 523 dixi,
981 446 1340 511 secernantur
1354 472 1388 509 a
1403 470 1512 511 no-

302 531 389 589 bis
410 552 428 589 ε
450 530 699 592 definant
713 531 950 592 insidiari
965 533 1120 595 domi
1135 534 1258 598 suae
1271 534 1514 611 consuli,

304 616 653 677 circumstare
690 620 936 679 tribunal
969 624 1240 701 praetoris
1285 623 1514 696 urbani)

306 701 552 763 obsidere
582 724 707 763 cum
736 704 934 781 gladiis
963 709 1196 782 curiam,
1221 707 1516 769 malleolos

304 804 367 848 et
388 788 535 849 faces
564 790 633 850 ad
654 792 1108 853 inflammandam
1129 794 1320 853 urbem
1351 814 1512 855 com-

304 896 521 957 parare.
568 875 633 935 fit
653 876 896 957 deniqne
907 877 1230 959 inscriptum
1245 882 1306 939 in
1321 878 1514 941 fro'nte

303 960 731 1041 uniuscujusque
762 966 942 1041 civis',
969 965 1104 1043 quid
1135 965 1204 1025 de
1231 968 1516 1047 republica

304 1046 527 1109 sentiat.
559 1048 950 1129 po'lliee'orhoc
963 1053 1150 1126 vobis,
1167 1058 1354 1112 Patres
1371 1073 1516 1115 con·

308 1134 519 1216 scripti,
548 1150 757 1196 tantam
786 1139 846 1196 in
867 1137 1374 1199 nobis‘consulibus
1390 1139 1517 1202 fore

310 1220 676 1301 diligentiam,
699 1238 909 1283 tantam
931 1226 992 1283 in
1021 1226 1184 1285 vobis
1217 1228 1519 1287 auctorita·

312 1323 448 1383 tem,
482 1324 696 1368 tantam
725 1310 786 1369 in
808 1312 1086 1389 equitibus
1111 1313 1381 1370 Romanis
1397 1314 1515 1372 vir·
1573 1366 1590 1375 -

312 1408 513 1470 tutem,
522 1410 731 1454 tantam
744 1398 805 1455 in
824 1397 1080 1456 omuibus
1097 1398 1262 1457 bonis
1279 1396 1516 1458 consen-

310 1478 542 1555 fionem,
566 1497 631 1541 ut
648 1483 921 1543 Catilinae
950 1482 1292 1563 profectione
1323 1486 1518 1545 omnia

312 1567 601 1648 patefacta,
633 1568 918 1644 illustrata,
943 1568 1216 1650 oppressa,
1233 1569 1520 1631 vindicata

310 1652 417 1714 effic
447 1654 699 1715 videatis.
746 1653 890 1715 hisee
913 1657 1214 1733 ominibuS,
1247 1656 1520 1734 Catilina,

314 1758 441 1801 cum
454 1738 659 1819 sumnia
683 1741 1010 1821 reipublicae
1025 1741 1408 1818 salute‚etcum
1423 1759 1522 1803 tua

252 1870 261 1879 .
314 1823 459 1906 peste
472 1848 537 1885 ac
552 1828 815 1907 pernicie,
840 1848 1078 1908 cumque
1093 1848 1286 1891 eorum
1317 1830 1524 1903 exitio,

314 1910 483 1991 quise
499 1928 680 1975 tecum
696 1915 850 1974 omni
882 1910 1078 1976 scelere
1110 1915 1524 1995 parricidioque

309 1997 648 2075 junxerunt,
668 1997 1012 2079 proficiscere
1041 2000 1110 2060 ad
1139 2003 1374 2081 impium
1403 2001 1524 2063 bel-

315 2083 455 2159 lum,
486 2106 551 2145 ac
568 2084 857 2147 nefarium.
905 2102 1026 2147 turn
1049 2101 1132 2161 tu,
1165 2090 1407 2167 Jupiter,
1422 2090 1528 2165 qui

315 2167 529 2246 iisdem,
548 2173 749 2251 quibus
764 2174 900 2233 haec
915 2175 1070 2247 urbs,
1091 2171 1344 2252 auspiciis
1361 2194 1393 2233 a
1411 2180 1532 2235 Ro-

314 2255 471 2321 mulo
485 2277 545 2315 es
562 2257 801 2319 constitu
808 2273 896 2317 tus
910 2282 928 2331 ;
949 2278 1115 2337 quem
1129 2265 1406 2319 Statorem
1423 2262 1531 2321 hu-

310 2343 409 2419 jus
425 2343 578 2402 urbis
596 2359 763 2424 atque
778 2344 992 2424 imperii
1003 2365 1134 2404 vere
1143 2347 1534 2407 nominamuse

308 2429 491 2502 hunc,
514 2443 570 2487 et
606 2430 773 2506 hujus
806 2429 986 2491 socios
1019 2452 1052 2491 a
1082 2432 1192 2491 tuis
1220 2434 1328 2491 aris
1345 2447 1534 2492 eaete-

316 2509 503 2595 risque
524 2514 767 2597 templiaj
790 2537 829 2599 a
846 2518 1010 2580 testis
1029 2519 1202 2597 urbis,
1234 2536 1298 2581 ac
1313 2520 1544 2583 moeni-
