1709 3042
333 174 438 231 ¹52
645 162 1068 221 ORATIO
1122 170 1202 224 11.

319 275 560 335 nocens,
583 259 646 318 in
669 260 894 321 exilium
918 264 1121 341 ejeRus
1144 286 1177 323 a
1202 264 1455 341 consule,
1474 270 1539 327 vi

317 359 376 401 et
398 346 564 403 minis
581 344 683 404 effe
697 346 932 407 dicetur:
958 365 1015 408 et
1028 366 1214 425 erunt,
1234 353 1335 430 qui
1350 351 1539 429 illum,

317 426 360 487 fi
383 432 490 489 hoc
511 429 720 505 fecerit,
751 454 871 492 non
896 436 1233 516 improbum,
1256 437 1350 497 sed
1372 437 1540 498 mise-

317 534 466 574 rumt
499 536 587 575 me
609 537 729 576 non
744 517 1208 596 diligentiffim'um
1225 521 1537 597 consulem,

317 598 410 661 sed
447 602 862 663 crudeliffimum
894 620 1197 683 tyrannum
1228 608 1537 668 existimari

319 686 520 747 velint.
545 687 620 747 est
633 691 766 747 mihi
781 692 949 764 tanti,
966 693 1239 768 Quirites,
1254 694 1425 771 hujus
1442 697 1535 754 ln-

319 772 502 833 vidiae
530 772 692 833 falsae
721 791 885 854 atque
906 778 1133 856 iniquae
1152 778 1535 859 tempestatem

318 855 517 933 subire,
541 860 846 919 dummodo
870 882 902 919 a
917 864 1080 922 vobis
1105 865 1271 941 hujus
1288 867 1533 925 horribi-

317 944 387 1001 lis
419 945 543 1004 belli
566 966 629 1004 ac
651 944 847 1005 nefarii
870 948 1170 1026 perieulum
1200 950 1529 1029 depellatur.

319 1031 536 1091 dicatur
557 1030 682 1091 sane
705 1032 909 1109 ejectus
934 1032 1039 1092 ess'e
1062 1055 1095 1092 a
1116 1054 1227 1109 me,
1266 1035 1531 1097 dummo-

318 1116 394 1175 do
417 1132 506 1175 eat
522 1118 579 1175 in
597 1118 845 1177 exilium.
892 1117 984 1178 sed
1000 1122 1133 1179 mihi
1152 1120 1380 1196 credite,
1406 1144 1531 1182 non

238 1240 256 1262 ι
318 1200 396 1260 est
423 1203 624 1262 iturus.
671 1222 960 1283 nunquam
984 1223 1087 1281 ego
1110 1227 1144 1265 a
1166 1207 1273 1267 diis
1296 1210 1531 1267 immor-

317 1287 518 1347 talibus
541 1290 772 1367 optabo‚
805 1291 1075 1366 Quirites,
1106 1291 1347 1351 invidiae
1374 1313 1529 1353 meae

317 1374 582 1434 levandae
605 1372 782 1447 causa,
817 1390 881 1434 ut
904 1380 974 1435 L.
1006 1375 1303 1441 Catilinam
1326 1377 1527 1439 ducere

317 1462 622 1523 exercitum
644 1458 904 1537 hostium,
926 1477 1091 1542 atque
1114 1464 1175 1521 in
1198 1465 1363 1523 armis
1382 1464 1527 1524 voli-

316 1564 437 1608 tare
448 1546 702 1607 audiatis:
732 1544 824 1607 sed
851 1546 1039 1607 triduo
1062 1564 1246 1607 tamen
1265 1549 1521 1611 audietis=

317 1634 608 1712 multoque
629 1635 804 1711 magis
827 1633 963 1693 illud
986 1637 1176 1710 timec,
1200 1654 1273 1693 ne
1294 1636 1431 1695 mihi
1458 1634 1526 1696 fit

319 1718 652 1780 invidiosum
677 1718 1005 1797 aliquande,
1026 1720 1181 1799 quod
1204 1719 1363 1780 illum
1386 1724 1523 1783 emi-

320 1804 480 1874 serim
505 1807 716 1885 potiuS,
739 1825 907 1883 quam
930 1804 1085 1884 quod
1108 1806 1386 1883 ejecerim.
1433 1805 1524 1882 sed

321 1912 447 1952 cum
467 1888 575 1949 smt
601 1893 880 1964 homines,
913 1891 1013 1969 qui
1036 1890 1213 1967 illum,
1242 1911 1371 1951 cum
1394 1912 1525 1971 pro.

323 1978 496 2037 fectus
519 1974 605 2049 fit,
636 1977 866 2054 ejectum
890 1971 993 2034 effe
1013 1974 1224 2051 dicant,
1258 1976 1451 2053 iidem,
1482 1976 1525 2040 fi

325 2059 640 2125 znterfeetus
670 2058 820 2135 esset,
849 2060 985 2139 quid
1008 2061 1299 2122 dicerent?
1347 2082 1525 2141 qum·

323 2170 490 2231 quam
520 2143 624 2221 isti,
659 2148 756 2227 qui
781 2148 1080 2206 Catilinam
1118 2147 1406 2207 Malliliam
1444 2153 1523 2211 ire

321 2237 602 2307 difflant,
620 2252 738 2291 non
757 2248 868 2291 tam
886 2235 992 2291 hoc
1008 2248 1339 2312 queruntur,
1360 2254 1524 2314 quam

326 2333 606 2382 verentur.
655 2336 820 2376 nemo
843 2316 917 2376 est
940 2316 1163 2377 istorum
1186 2332 1299 2377 tam
1314 2318 1525 2381 miseri-

315 2396 477 2475 ἐστε,
506 2402 602 2477 qui
625 2401 779 2459 illum
803 2422 921 2459 non
954 2402 1023 2461 ad
1056 2403 1330 2478 Mallium,
1362 2423 1523 2482 quam

326 2487 393 2545 ad
406 2482 746 2545 Maffilienses
763 2486 842 2543 ire
857 2485 1033 2546 malit.
1048 2474 1141 2544 ille
1158 2502 1338 2550 autem
1342 2488 1405 2565 ,fi
1414 2510 1522 2551 me-
