1709 3042
356 158 468 234 388
666 155 1022 212 ORATIO
1064 151 1234 206 PRO

346 258 455 316 hoc
472 251 563 312 illa
584 251 807 310 colonia
820 247 1048 308 dedusta
1068 244 1154 319 fit,
1179 260 1238 303 et
1249 264 1380 304 cum
1394 262 1547 302 eom·

348 339 516 402 moda
545 336 878 398 colonorum
909 355 942 392 a
975 333 1220 392 fortunis
1257 332 1552 409 Pompeia-

350 447 555 488 nomm
584 423 912 504 reipublicae
941 421 1170 479 fortuna
1185 418 1552 494 disjunxerit,

352 517 432 574 i-ta
447 533 605 572 carus
622 509 864 589 utrisque
877 506 950 567 est
977 521 1140 584 atque
1160 504 1447 582 jucundus
1451 545 1472 576 ‚
1493 517 1560 560 ut

352 621 477 662 non
492 600 697 658 alteros
712 591 1122 668 demoviffe,sed
1133 589 1404 670 utrosque
1417 609 1556 648 con·

354 685 572 750 stituiss'e
597 685 865 744 videatur.
1001 688 1082 738 At
1103 682 1250 738 enim
1275 695 1334 736 et
1347 676 1556 754 gladia·
1583 680 1628 715 ²¹

354 791 529 850 toret„
551 787 609 832 et
622 772 807 830 omnis
822 767 919 828 ista
937 767 1050 842 vis,
1080 765 1392 844 rogationis
1419 770 1560 821 Cae·

357 860 512 922 ciliae
542 855 699 918 causa
722 856 1203 936 comparabantur.
1253 866 1428 929 atque
1455 851 1565 908 hoc

353 948 483 1010 loco
502 949 561 1004 in
588 952 657 1004 L.
686 937 1468 1020 Caecilium,pudentissimum
1483 951 1565 994 at·

358 1054 469 1114 que
484 1031 876 1092 ornatissimum
895 1030 1076 1087 virum
1083 1027 1466 1098 ,vehementer
1479 1025 1568 1082 in·

360 1127 548 1182 vetius
578 1117 687 1178 est:
714 1118 870 1193 cujus
893 1135 1000 1192 ego
1027 1112 1095 1171 de
1123 1113 1332 1172 virtute
1353 1125 1413 1168 et
1427 1130 1569 1170 eon-

363 1203 1056 1282 stantia‚Judices,tantum
1071 1199 1223 1269 dic03
1235 1197 1404 1256 talem
1417 1201 1571 1258 hune

267 1325 273 1330 ·
363 1297 428 1355 in.
458 1291 554 1352 ista
584 1292 912 1368 rogatione,
947 1308 1116 1366 quam
1152 1285 1572 1364 promulgavit,

366 1402 487 1442 non
515 1379 583 1438 de
599 1374 869 1450 tollenda,
894 1373 984 1434 sed
1001 1372 1066 1431 de
1090 1371 1322 1430 levanda
1342 1372 1572 1431 calami-

368 1460 1022 1536 mteffratrissuissuiss'emt
1032 1456 1466 1518 consultumeffe
1475 1479 1578 1518 von

368 1555 535 1613 luerit
554 1551 741 1610 fratri=
772 1562 960 1608 tamen
981 1567 1108 1606 cum
1127 1544 1412 1621 republica
1433 1566 1577 1624 pug-

372 1660 507 1700 nare
530 1636 806 1697 noluerit:
834 1632 1200 1714 promulgarit
1219 1629 1494 1710 impulsus
1519 1653 1580 1690 a·

372 1748 527 1788 more
543 1713 809 1796 fraterne,
828 1719 1096 1781 destiterit
1123 1718 1310 1776 fratris
1333 1720 1582 1777 auetori-

374 1829 487 1872 tate
501 1811 784 1871 deduecuS.
832 1824 996 1886 atque
1011 1809 1070 1864 in
1085 1825 1148 1864 ea
1162 1824 1220 1863 te
1233 1823 1332 1884 per
1347 1810 1423 1865 L.
1441 1810 1584 1863 Cae·
1680 1799 1681 1804 '

369 1900 563 1962 cilium
597 1896 745 1974 sylla
764 1892 1074 1967 accusatur,
1107 1894 1170 1951 in
1193 1911 1304 1968 qua
1325 1911 1387 1949 re
1407 1889 1484 1949 est
1517 1911 1584 1948 u·

368 2003 571 2064 -terque
614 1980 942 2041 laudandus.
1003 1981 1238 2058 primum
1278 1978 1581 2051 Caecilius,

375 2075 477 2152 >qui
492 2072 549 2130 id
569 2067 958 2148 promulgarit,
987 2068 1049 2124 in
1065 2084 1282 2143 quores
1299 2064 1582 2142 judicatas

379 2159 665 2220 videbatur
682 2151 910 2215 voluisse
939 2151 1265 2225 rescindere,
1293 2166 1360 2209 ut
1379 2150 1582 2210 statue·

380 2259 553 2303 retur:
584 2241 729 2318 sylla
752 2245 895 2298 reete
917 2237 1281 2318 reprehendit.
1328 2236 1500 2296 status
1521 2257 1582 2296 e-
1679 2239 1681 2260 ³

378 2330 495 2386 nim
520 2326 847 2403 reipublioee
863 2327 1104 2383 maxime
1131 2323 1398 2401 judicatis
1413 2326 1580 2382 rebus

377 2411 720 2468 continetur.
768 2429 951 2486 neque
971 2430 1076 2486 ego
1091 2425 1308 2468 tantum
1329 2408 1581 2469 ἣκει-πο

374 2493 551 2549 ammi
571 2491 815 2554 dandum
828 2496 1097 2572 arbitror,
1126 2511 1190 2554 ut
1203 2493 1490 2574 quisquam
1511 2495 1582 2558 de
