1709 3042
394 153 495 210 IN
521 154 587 210 ι,
618 152 1174 212 cA'rmeAM.
1275 168 1390 229 ¹57

186 264 267 312 tes
294 232 475 324 aera,¹
509 268 673 327 quam
702 247 1032 308 infitiatores
1062 250 1246 309 leutos
1277 250 1382 310 esse

188 337 448 395 arbitror.
509 335 609 413 qui
635 336 890 393 homines
920 339 1154 414 primum
1177 334 1218 393 si
1246 334 1382 395 stare

189 441 307 481 non
326 416 575 501 possunt,
604 433 900 478 corruantt
933 418 1022 479 sed
1049 424 1148 494 ita,
1177 435 1242 480 ut
1265 440 1384 481 non

188 505 357 567 modo
380 506 601 580 civitaS,
620 504 713 564 sed
736 525 809 563 ne
822 507 994 564 vicini
1015 506 1234 585 quidem
1249 528 1382 585 pro-

190 594 327 652 ximi
344 592 610 651 sentiant.
656 611 785 649 nam
808 590 942 650 illud
966 612 1084 651 non
1107 592 1387 669 intelligo,

192 679 578 759 quamobrem,
603 674 843 735 livivere
865 677 1087 736 honeste
1117 698 1236 737 non
1261 677 1385 758 pos·

189 763 336 839 sunt,
362 763 541 843 perire
556 764 787 841 turpiter
806 762 1014 822 velintz
1046 778 1140 821 aut
1161 784 1260 823 cur
1281 767 1386 823 mi-

190 868 329 911 nore
372 846 567 907 dolore
603 850 878 927 perituros
918 847 972 907 se
1008 869 1133 907 cum
1174 848 1387 923 multiS,

190 956 358 1014 quam
376 931 418 993 fi
432 932 533 992 soli
548 947 793 1009 pereant,
818 935 1174 993 arbitrentur.
1220 938 1386 1013 quin-

190 1035 308 1081 tum
323 1038 501 1098 genus
524 1016 597 1077 est
612 1018 1022 1097 parricidarum,
1045 1018 1384 1099 sicariorum,

192 1106 433 1185 denique
461 1105 713 1163 omnium
738 1102 1175 1165 facinorosorum
1200 1128 1215 1163 :
1243 1126 1386 1184 quos

190 1213 295 1270 ego
312 1212 347 1250 a
371 1189 615 1250 Catilina
642 1210 763 1247 non
793 1210 1018 1251 revoco.
1037 1254 1046 1263 ,
1065 1212 1193 1250 nam
1209 1210 1389 1271 neque

190 1277 377 1339 divelli
402 1279 470 1335 ab
494 1296 563 1334 eo
577 1274 835 1355 poffunt:
861 1292 924 1335 et
944 1294 1170 1356 pereant
1183 1274 1310 1335 sane
1324 1278 1386 1337 in

192 1364 511 1437 latrocinio,
532 1363 797 1439 quoniam
814 1360 940 1421 sunt
955 1363 1031 1420 ita
1046 1362 1228 1438 multi,
1253 1378 1314 1421 ut
1328 1383 1387 1421 e-

192 1470 258 1509 os
282 1468 479 1528 capere
500 1467 681 1506 carcer
698 1468 815 1507 non
837 1447 1016 1527 poffit.
1061 1445 1390 1527 postremum

192 1550 375 1595 autem
388 1552 564 1611 genus
579 1531 675 1606 est,
695 1554 813 1592 non
830 1532 1006 1593 solum
1029 1554 1278 1635 numere,
1301 1554 1392 1593 ve-

192 1642 313 1681 rum
328 1622 495 1680 etiam
511 1637 706 1697 genere
720 1616 864 1698 ipso,
885 1634 1049 1698 atque
1063 1620 1212 1679 vita:
1239 1620 1392 1699 quod

188 1708 483 1808 proprium
510 1702 586 1762 est
616 1706 910 1781 Catilinae,
939 1704 1008 1764 de
1025 1706 1144 1782 ejus
1159 1704 1390 1782 deleeiu,

187 1793 363 1853 immo
398 1811 531 1851 vero
562 1789 631 1848 de
658 1791 952 1871 complexu
975 1792 1118 1868 ejus,
1143 1812 1208 1851 ac
1229 1791 1384 1852 finu.

186 1898 333 1959 quos
350 1897 500 1957 pexo
514 1876 973 1955 cap1u0,n1t1dos‚
987 1892 1080 1935 aut
1095 1880 1389 1953 imberbes,

185 1980 283 2024 aut
298 1966 443 2023 bene
464 1962 723 2023 barbatos
734 1963 960 2023 videtis:
983 1965 1295 2038 manicatis,
1331 1979 1390 2021 et

186 2050 454 2110 talaribus
469 2049 699 2121 tunicis;
729 2048 868 2109 velis
881 2049 1110 2117 amictos
1119 2090 1140 2123 ,
1161 2068 1280 2108 non
1297 2064 1386 2108 to·

187 2138 299 2214 gisz
310 2154 553 2215 quorum
570 2136 756 2194 omnis
770 2132 1034 2193 industria
1048 2136 1217 2208 vitae,
1227 2150 1285 2193 et
1297 2136 1385 2194 vi·

189 2220 398 2303 gilandi
421 2222 577 2279 labor
606 2222 665 2279 in
698 2220 1038 2279 antelucanis
1069 2221 1256 2279 coenis
1288 2240 1387 2280 ex-

190 2309 488 2387 promitur.
534 2306 595 2363 in
619 2308 705 2365 his
735 2307 987 2384 gregibus
1013 2326 1210 2367 omnes
1241 2306 1387 2365 alea·-

190 2408 343 2452 tores
348 2410 573 2466 ,omnes
588 2390 816 2451 adulteri
821 2412 1036 2466 ,omnes
1053 2393 1273 2472 impuri,
1286 2394 1387 2449 im·

192 2478 489 2560 pudicique
502 2474 810 2539 versantur.
852 2479 910 2538 bi
925 2479 1079 2557 pueri
1095 2493 1210 2537 tam
1225 2475 1393 2555 lepidi
