1709 3042
391 146 506 225 384
695 146 1045 203 olum-10
1084 146 1250 202 PRo

381 248 580 309 mium:
597 264 833 325 quorum
849 244 919 303 de
936 243 1207 305 sententia
1222 257 1345 303 tota
1360 262 1445 303 res
1458 242 1571 322 ges·

384 348 446 395 ta
478 330 574 393 est.
627 346 691 391 at
726 329 962 412 praefuit
993 330 1249 391 familiae.
1298 332 1419 409 jam
1446 329 1485 389 fi
1514 334 1573 391 in

377 418 762 498 comparanda
789 416 996 477 familia
1024 414 1257 496 suspicio
1284 416 1362 475 est
1378 416 1531 477 nulla
1554 440 1575 478 ε

379 504 536 586 quod
551 502 810 585 praefuit,
826 502 963 563 nihil
977 501 1047 561 ad
1060 523 1177 563 rem
1194 505 1457 581 pertinet.
1486 503 1575 567 sed

377 606 568 652 tamen
593 610 819 652 munere
834 587 1017 649 servili
1031 588 1239 649 obtulit
1253 586 1305 648 se
1320 589 1393 649 ad
1404 588 1575 651 ferra·

377 692 571 755 menta
585 675 991 758 prospiciendaz
1015 674 1249 757 praefuit
1271 696 1405 735 vero
1428 698 1573 737 nun·

339 829 344 834 ⁴
377 781 584 843 quam:
609 784 785 843 eaque
813 783 901 822 res
924 782 1021 842 per
1036 762 1287 837 Balbum,
1318 762 1497 823 Fausti
1508 764 1575 823 li-

376 852 617 925 bertum,
638 851 794 909 omni
814 864 1062 929 tempore
1086 846 1461 909 administrata
1474 848 1572 913 est.

383 942 463 995 At
477 939 628 995 enim
644 936 872 995 Cincius
886 933 962 993 est
975 936 1045 993 ab
1058 936 1169 993 hoc
1182 936 1245 994 in
1258 934 1575 997 ulteriorem
1592 964 1641 997 20

379 1021 708 1102 Hispaniam
735 1018 947 1097 mistus,
983 1035 1048 1079 ut
1074 1040 1193 1079 eum
1229 1022 1579 1101 provinciam

377 1110 745 1189 perturbaret.
792 1110 1029 1186 primum
1046 1107 1301 1183 Cincius,
1328 1108 1579 1185 judices,

376 1200 452 1253 L.
471 1194 646 1269 Julio,
671 1199 740 1253 C.
759 1192 982 1271 Figulo,
1004 1190 1338 1269 consulibus,
1360 1195 1579 1274 profec-

379 1295 472 1339 tus
487 1278 562 1339 est
577 1280 862 1360 aliquanto
878 1295 1005 1339 ante
1021 1278 1263 1339 fiii-orem
1280 1281 1581 1359 Catilinae,

377 1381 436 1425 et
450 1381 578 1425 ante
593 1363 949 1447 suspicionem
962 1366 1127 1443 hujus
1144 1366 1577 1444 conjurationis:

379 1450 584 1511 deinde
603 1451 686 1511 est
715 1451 992 1531 profectus
1024 1472 1141 1511 non
1167 1467 1285 1512 tum
1314 1454 1585 1534 primum,

383 1536 472 1596 sed
502 1558 625 1597 cum
656 1540 716 1597 in
747 1536 937 1597 iisdem
960 1538 1101 1599 locis
1130 1538 1418 1617 aliquanto
1450 1558 1585 1603 ante

382 1623 570 1683 eadem
593 1624 662 1683 de
683 1622 842 1683 causa
862 1624 1079 1703 aliquot
1092 1644 1275 1685 annos
1290 1623 1495 1693 fuisset.
1520 1649 1587 1688 ac

381 1710 658 1791 profectus
681 1708 756 1769 est
779 1730 899 1769 non
920 1710 1096 1771 modo
1120 1712 1195 1770 ob
1226 1709 1467 1787 causam,
1492 1711 1589 1775 sed
1676 1718 1678 1795 j

379 1798 550 1857 etiam
573 1793 917 1855 necessariam
932 1792 1165 1871 causam,
1188 1818 1391 1875 magna
1406 1801 1589 1859 ratio·

382 1902 456 1943 ne
471 1902 594 1941 cum
613 1884 977 1942 Mauritaniae
991 1902 1114 1960 rege
1127 1888 1435 1945 contracta.
1465 1901 1591 1947 tum

385 1984 586 2042 autem,
605 1969 701 2027 illo
716 1968 991 2048 profecto,
1012 1968 1157 2047 Sylla
1171 1988 1519 2048 procurante
1532 1994 1595 2033 e·

380 2054 478 2133 jus
496 2075 612 2113 rem
628 2069 685 2113 et
711 2069 959 2131 gerente,
987 2055 1235 2134 plurimis
1256 2071 1311 2114 et
1326 2058 1593 2135 pulcher·

386 2142 541 2199 rimis
573 2145 638 2199 P.
657 2141 838 2199 Cincii
860 2138 1093 2219 praediis
1108 2140 1372 2217 venditis,
1402 2163 1507 2204 aes
1536 2166 1599 2205 a·

387 2224 597 2286 lienum
613 2223 852 2303 ejusdem
875 2224 1187 2285 diffolutum
1200 2224 1275 2285 est
1294 2248 1310 2285 ε
1336 2243 1427 2304 ut,
1452 2250 1601 2310 quae

388 2310 545 2371 causa
569 2327 812 2371 caeteros
835 2310 905 2369 ad
921 2310 1135 2371 facinus
1156 2312 1399 2391 impulit,
1436 2319 1601 2397 cupi-

388 2396 532 2456 ditas
563 2396 879 2457 retinendae
907 2396 1265 2477 poffeffionis,
1295 2418 1361 2460 ea
1382 2403 1603 2465 Cincio

384 2500 508 2541 non
534 2480 700 2544 fuerit
715 2482 953 2562 praediis
976 2483 1286 2547 diminutis-
1311 2486 1441 2567 jam
1455 2507 1605 2551 vero
