1709 3042
358 194 463 254 132
666 182 1088 239 ORAT10
1147 178 1194 238 12

348 288 439 331 tus
446 316 463 348 ,
492 272 561 333 ad
584 272 821 337 sodalem
838 292 1016 350 tunm,
1039 278 1224 335 virum
1247 276 1550 357 optimum,
1571 284 1580 291 ’

347 366 437 419 M.
467 362 787 422 Marcellum
813 361 1120 440 demigrasti
1140 384 1157 422 z
1179 382 1346 441 quem
1371 378 1435 421 tu
1461 364 1549 419 vi-

347 444 543 508 delicet
558 464 612 507 et
628 449 695 507 ad
712 448 1122 509 custodiendum
1137 464 1214 522 te,
1242 446 1552 525 diligentis-

348 530 561 609 fin'ium,
572 551 627 593 et
642 536 711 595 ad
726 534 1127 615 suspicandum,
1137 532 1551 612 sagacissimnm,

346 637 407 680 et
422 622 491 681 ad
514 622 930 695 vindicandum,
940 620 1293 700 ,fortissimu'm
1309 621 1432 681 fore
1446 641 1548 701 pu·

350 706 491 769 tosti.
540 706 633 767 sed
664 728 829 787 quam
858 706 1028 783 longe
1043 706 1262 766 videtur
1277 728 1310 767 a
1333 726 1549 767 carcerc

350 810 517 875 atque
532 816 563 853 a
586 794 825 854 vinculis
842 792 1015 853 abesse
1029 793 1245 867 debere,
1269 795 1367 873 qui
1395 792 1448 853 se
1463 796 1550 873 ip-

348 880 468 941 sum
497 883 615 960 jam
645 880 872 960 dignum
898 878 1146 939 custodia
1171 878 1546 957 judicaverit?

352 988 493 1047 quae
514 988 639 1028 cum
666 969 747 1027 ita
766 965 898 1042 lint,
935 964 1198 1040 Catilina,
1227 965 1473 1041 dubitas,
1509 964 1550 1027 fi

351 1056 446 1115 hic
466 1056 641 1114 emori
662 1050 841 1134 aequb
854 1053 1048 1122 animo
1060 1072 1178 1111 non
1193 1068 1380 1130 potes,
1403 1056 1552 1113 abire

350 1140 415 1199 in
437 1140 649 1219 aliquas
672 1155 868 1213 terrac,
889 1153 947 1197 et
973 1140 1146 1199 vitam
1175 1138 1328 1197 istam
1357 1140 1550 1199 multis

352 1224 631 1307 suppliciis
654 1225 813 1304 justis
840 1222 1142 1303 debitisque
1169 1240 1432 1305 ereptam,
1463 1225 1551 1285 fii-

352 1334 455 1391 gae
478 1311 868 1392 solitudinique
887 1310 1552 1391 mandarehcfcr,inquis,

354 1398 427 1459 ad
442 1397 687 1459 senatum
710 1398 795 1469 (id
816 1400 965 1457 enim
989 1396 1256 1475 postulas)
1287 1413 1365 1471 et,
1399 1398 1440 1457 fi
1461 1399 1552 1458 hic

355 1485 499 1545 ordo
514 1487 725 1565 placere
739 1484 833 1544 fibi
846 1482 1174 1556 decreverit,
1192 1498 1246 1542 te
1259 1485 1339 1543 ire
1355 1485 1418 1544 in
1432 1484 1552 1543 exi-

352 1572 511 1647 lium,
533 1574 1034 1652 obtemperaturum
1049 1584 1105 1627 te
1101 1527 1222 1629 elle
1237 1568 1398 1629 dicis.
1431 1590 1554 1631 non

265 1667 270 1672 “
355 1658 587 1720 referam
601 1658 681 1733 id,
704 1655 856 1737 quod
879 1654 1140 1717 abhorret
1161 1676 1193 1715 a
1217 1658 1354 1715 meis
1377 1658 1551 1715 mori-

356 1749 483 1805 bus:
508 1760 565 1805 et
578 1760 763 1805 tamen
777 1741 995 1819 faciam,
1013 1758 1076 1803 ut
1089 1742 1394 1822 intelligas,
1413 1742 1553 1821 quid

352 1834 416 1892 hi
434 1832 502 1892 de
514 1848 571 1893 te
583 1830 844 1891 sentiant.
891 1830 1143 1907 egredere
1158 1848 1229 1889 ex
1249 1830 1408 1902 urbe,
1441 1835 1553 1889 Ca·

356 1920 537 1979 tilina:
560 1918 727 1978 libera
741 1916 1130 1993 rempublicam
1145 1931 1296 1975 metu
1311 1937 1328 1974 ι
1353 1917 1414 1974 in
1430 1916 1554 1973 exi-

358 2006 518 2080 lium,
546 2002 584 2063 fi
612 2008 757 2063 hanc
784 2024 984 2064 vocem
997 2008 1276 2081 expectas,
1303 1998 1555 2083 proficis·

357 2112 501 2153 cere.
522 2090 656 2171 quid
672 2088 767 2165 est,
781 2089 1051 2149 Catilina?
1071 2087 1269 2167 ecquid
1283 2088 1555 2161 attendis,
1617 2112 1624 2128 ·

358 2178 555 2258 ecquid
586 2174 980 2235 animadvertis
1003 2179 1203 2235 horum
1232 2172 1553 2235 filentium?

358 2267 665 2346 patiuntur,
695 2276 906 2323 tacent.·
947 2262 1080 2340 quid
1093 2262 1346 2340 expedias
1363 2265 1554 2320 aneto·

359 2354 579 2409 ritatem
608 2349 980 2429 loquentium,
1017 2366 1262 2426 quorum
1287 2346 1552 2406 volunta-

354 2452 471 2495 tem
486 2437 779 2495 tacitorum
794 2432 1054 2515 perspicis
1075 2434 1098 2493 ἓ
1145 2448 1204 2493 at
1221 2431 1262 2492 fi
1284 2436 1394 2493 hoc
1409 2430 1552 2493 idem

358 2520 487 2581 huic
502 2519 833 2590 adolescenti
842 2523 1060 2603 optimo
1061 2564 1084 2604 ,
1095 2515 1550 2601 PAEextit55ssf01·
