1709 3042
335 152 458 234 328
655 150 1221 209 ORATIO-PRO

337 247 624 313 homines?
651 250 993 325 Pergameni,
1006 247 1323 309 laudatores
1336 248 1443 310 tui.
1464 250 1541 309 in

299 338 308 347 '
336 339 488 397 enim
519 336 658 395 mihi
693 334 921 412 gloriari
949 333 1101 395 visus
1134 354 1193 393 es
1224 334 1545 395 laudatione

336 430 832 500 Pergamenorum,
872 419 1022 501 quafi
1054 424 1329 481 honorem
1362 423 1543 499 majo·

335 530 462 569 rum
499 522 724 567 tuorum
753 506 1019 567 assbcutus
1050 505 1183 567 effes
1201 530 1219 566 ι
1252 522 1309 566 et
1350 511 1461 566 hoc
1489 523 1545 567 te

335 594 668 676 superiorem
685 596 917 673 putabas
932 592 1059 668 esse,
1081 613 1250 671 quam
1270 593 1545 666 Laelium3

334 679 488 759 qnod
503 692 559 737 te
575 682 778 741 civitas
786 687 1123 757 Pergamena
1133 678 1548 739 laudaret-,num

332 764 616 825 honestior
645 764 722 824 est
751 766 949 825 civitas
984 772 1342 841 Pergamena,
1374 780 1545 844 quam

335 859 602 929 Smyrnae
628 852 658 909 ἔ
697 866 756 911 at
795 872 869 909 ne
906 850 1003 931 ipfi
1048 851 1273 930 quidem
1326 852 1543 911 dicunt:

337 938 554 996 Vellem
571 950 787 995 tantum
803 939 1003 1001 habere
1020 939 1146 1011 otii,
1162 936 1449 1017 utpoffem
1461 958 1549 997 re—
1566 959 1609 1003 31

337 1024 508 1085 citare
521 1020 822 1102 psephisma
839 1029 1284 1100 Smyrnaeorum,
1296 1022 1449 1103 quod
1462 1023 1547 1083 fe·

338 1109 538 1170 eerunt
553 1110 613 1167 in
631 1107 951 1167 Castricium
970 1123 1247 1169 mortuum
1264 1132 1281 1167 ε
1306 1110 1547 1188 primum

338 1212 402 1253 ut
417 1197 478 1253 in
493 1194 758 1273 oppidum
782 1192 1209 1266 introferretur3
1242 1195 1399 1274 quod
1420 1195 1547 1254 aliis

293 1337 298 1345 ,
339 1300 460 1339 non
477 1280 822 1339 conceditur:
842 1278 1059 1355 deinde3
1076 1296 1139 1338 ut
1152 1280 1364 1339 ferrent
1378 1283 1547 1360 ephe·

339 1368 424 1425 bi:
459 1364 756 1445 postremo,
775 1380 840 1423 ut
864 1368 1241 1444 imponeretur
1262 1386 1424 1426 aurea
1446 1385 1547 1427 co-

341 1472 484 1513 rona
503 1466 750 1512 mortuo.
797 1454 931 1511 haec
956 1458 1017 1510 P.
1038 1454 1303 1533 Scipioni,
1328 1454 1547 1513 clar-issi·

339 1555 440 1597 mo
475 1539 626 1611 viro,
661 1556 788 1597 cum
819 1536 949 1595 effer
987 1541 1233 1615 Pergami
1262 1554 1549 1614 mortuus,

339 1624 480 1683 faeta
495 1642 616 1683 non
631 1621 728 1682 sun
735 1636 777 1681 t.
805 1638 861 1681 at
880 1620 1195 1683 Castricium
1212 1626 1407 1703 quibus
1422 1646 1551 1684 ver·-

339 1712 451 1785 bis,
475 1709 552 1768 dii
567 1708 938 1769 immortales!
968 1709 987 1741 ‘
1016 1709 1181 1769 decus
1205 1712 1436 1790 patriae,
1455 1731 1551 1770 or·-

338 1795 362 1827 ‘
392 1810 715 1855 namentum
737 1794 929 1874 populi
952 1800 1215 1871 Romani,
1248 1799 1441 1856 florem
1454 1796 1551 1873 juss

340 1880 364 1913 ‘
393 1884 661 1941 ventutis’
693 1880 994 1961 appellant.
1058 1902 1248 1961 quare,
1276 1884 1551 1958 Deciane,

338 1966 380 2026 fi
393 1967 622 2046 cupidus
637 1986 698 2025 es
714 1966 1057 2045 gloriae,alia
1070 1984 1398 2028 ornamenta
1414 1989 1556 2029 cens

339 2052 432 2113 seo
463 2072 712 2131 quaeras.
785 2057 1109 2130 Pergameni
1134 2070 1189 2114 te
1216 2052 1555 2117 deriserunt.-

339 2139 518 2218 quid?
554 2155 615 2198 tu
637 2138 752 2198 ludi
783 2152 838 2197 te
869 2158 991 2198 non
1014 2140 1390 2217 intelligebas,
1424 2162 1561 2203 cum

341 2228 442 2285 tibi
463 2229 598 2285 haec
623 2225 955 2299 recitabant,
977 2224 1322 2286 elarissimum
1340 2230 1564 2303 virum

339 2310 782 2391 praestantiffuna
803 2308 1085 2389 sapientia,
1110 2312 1373 2389 fingulari
1392 2316 1565 2392 inge—

340 2397 470 2455 nioz·
491 2395 820 2469 mihicrede,
845 2396 1130 2459 ludebant.
1156 2420 1281 2459 cum
1300 2419 1447 2459 vero
1466 2422 1571 2459 co·-

340 2500 538 2549 mnam
555 2483 1577 2567 aureamliterisimponebantare-ve·
