1709 3042
346 212 458 284 ¹64
632 208 1053 265 ORAT10
1103 211 1206 265 111.

341 320 455 364 tate
471 300 877 364 conservamur:
902 301 1170 383 profecto,
1189 303 1468 381 quoniam
1483 302 1556 362 il·
1587 316 1597 321 ·
1684 298 1685 357 3

344 390 482 465 lum,
518 392 616 467 qui
638 392 781 449 hanc
802 391 994 447 urbem
1016 387 1290 461 condidit,
1331 394 1556 449 Romu-

344 475 484 550 lum,
513 474 579 533 ad
596 474 728 534 deos
760 474 1101 533 immortales
1125 472 1557 549 benevolentia,

344 559 595 639 famaque
616 558 957 619 sustulimus:
996 557 1099 617 effe
1116 559 1259 637 apud
1283 580 1392 617 vos
1417 558 1555 639 pos·

344 644 602 724 terosque
630 645 836 705 vestros
868 648 928 704 in
959 648 1174 704 honore
1211 645 1438 703 debebit
1477 648 1558 720 is,

348 731 446 808 qui
467 730 696 789 eandem
718 733 860 789 hanc
893 732 1084 789 urbem
1113 728 1400 788 conditam
1431 751 1555 789 am-

350 814 755 894 plificatamque
784 814 1042 874 servavit.
1085 836 1217 883 nam
1249 817 1431 873 totius
1459 836 1555 874 ur-

346 902 434 959 bis
459 901 698 979 templiS,
734 900 999 975 delubria,
1029 902 1206 977 testie,
1243 922 1308 959 ac
1331 902 1557 959 moeni·

350 988 455 1044 bus
471 984 738 1064 subjectos
756 1007 931 1067 prope
956 987 1074 1064 jam
1103 988 1282 1062 ignee,
1309 989 1556 1046 circum-

352 1070 616 1149 datosque
630 1070 1004 1131 restinximus:
1037 1071 1311 1149 iidemque
1331 1071 1557 1147 gladios

320 1203 329 1222 ,
352 1157 415 1215 in
460 1158 849 1237 rempublicam
900 1156 1180 1216 destrifikos
1219 1158 1559 1233 retudimus„

355 1240 753 1321 mucronesque
767 1264 959 1321 eorum
982 1263 1015 1300 a
1029 1241 1452 1319 jugulis-vestris
1471 1265 1556 1302 re·

351 1328 609 1405 jecimus,
658 1348 795 1407 quae
820 1329 1085 1405 quoniam
1107 1330 1166 1385 in
1189 1325 1384 1386 senatu
1407 1327 1558 1389 illus-

357 1428 521 1487 trata,
553 1413 835 1494 patefacta,
869 1428 1260 1493 compertaque
1296 1411 1440 1498 sune
1465 1436 1560 1493 per

357 1518 469 1573 me,
484 1501 645 1557 vobis
656 1500 772 1575 jam
788 1519 1065 1579 exponam
1078 1502 1346 1573 breviter,
1370 1503 1562 1575 Quiri·

354 1598 469 1659 tes„
484 1599 545 1641 ut
568 1600 623 1643 et
644 1599 876 1663 quanta,
907 1598 962 1643 et
976 1604 1145 1665 quam
1160 1584 1469 1661 manifesta,
1501 1602 1556 1646 et

306 1719 312 1723 .
361 1690 472 1749 qua
491 1672 708 1729 ratione
723 1670 1061 1747 investigata,
1083 1686 1138 1728 et
1168 1670 1562 1751 comprehensa

362 1753 490 1831 fint,
512 1776 641 1829 voe,
671 1758 766 1834 qui
782 1770 841 1814 et
852 1758 1123 1833 ignoratis
1131 1800 1148 1829 ,
1164 1770 1219 1815 et
1233 1760 1560 1833 expectatis„

362 1837 499 1899 scire
520 1840 745 1919 poffitis.
779 1842 1076 1920 principie,
1091 1857 1154 1900 ut
1169 1841 1412 1899 Catilina
1427 1864 1558 1923 pau·

364 1927 443 1983 cis
466 1941 597 1983 ante
610 1926 799 1992 diebus
820 1929 1000 2007 erupit
1015 1946 1084 1985 ex
1107 1930 1262 1998 urbe,
1285 1946 1416 1989 cum
1451 1926 1556 1987 sce·

365 2010 493 2070 letis
510 2009 588 2069 sui
604 2008 1038 2087 sociOS,hujusce
1047 2010 1244 2070 nefarii
1261 2011 1390 2069 belli
1411 2034 1554 2073 acer-

366 2098 537 2155 rimos
554 2096 740 2170 duces,
774 2104 982 2156 Romae
999 2095 1321 2176 reliquisset:
1355 2095 1556 2179 semper

366 2183 615 2259 vigilavi,
644 2182 974 2261 et-providi,
1011 2185 1278 2257 Quirites„
1299 2186 1554 2261 quemad-

256 2316 275 2322 t
367 2267 593 2326 modum
610 2270 670 2324 in
688 2270 857 2327 tantis
862 2280 898 2340 ,'
915 2282 972 2326 et
987 2282 1099 2327 tam
1117 2264 1448 2327 absconditis
1473 2273 1551 2327 in·

366 2350 515 2409 fidiis
546 2348 679 2410 salvi
699 2350 809 2413 effe
824 2352 1114 2431 possemus.
1233 2359 1400 2433 *Nam
1424 2371 1550 2429 tum,
1570 2370 1588 2404 ²

368 2456 495 2492 cum
512 2454 585 2493 ex
598 2438 737 2494 urbe
764 2439 1061 2497 Catilinam
1090 2438 1374 2515 ejiciebam
1411 2437 1550 2508 (non

367 2520 517 2579 enim
540 2519 657 2594 jam
678 2540 876 2581 vereor
891 2524 1059 2601 hujus
1085 2526 1241 2584 verbi
1273 2524 1554 2601 invidiam,
