1709 3042
343 126 460 187 392
626 113 987 171 ORATIO
1028 115 1197 171 PRO

335 207 580 265 trecium
603 209 838 283 crimen,
857 206 1106 285 JudiceS,
1131 216 1193 267 P.
1218 206 1404 287 Syllae
1418 229 1549 289 per·

275 316 284 324 ·
338 289 476 351 sona
507 288 742 373 suscipit.
784 295 902 371 jam
930 296 1081 353 enim
1103 293 1321 368 faciam,
1354 296 1548 367 crimi-

331 381 501 439 nibus
517 378 777 437 omnibus
789 380 899 439 fere
914 379 1203 456 dissolutis»,
1220 384 1449 455 contra,
1460 396 1549 439 at·

333 466 520 543 quein
539 467 764 524 caeteris
791 466 957 525 causis
978 466 1097 525 fieri
1119 464 1277 541 solet,
1307 482 1373 525 ut
1389 488 1549 527 nunc

333 550 574 630 denique
597 550 663 609 de
682 554 800 612 vita
827 554 1071 611 hominis
1101 572 1164 611 ac
1184 552 1257 612 de
1284 555 1546 613 moribus

332 636 535 723 dicam.
584 640 790 697 etenim
804 638 875 698 de
889 640 1167 719 principio
1183 636 1391 699 studuit
1416 640 1543 713 ani-

331 743 460 783 mus
475 744 762 785 occurrere
777 724 1143 801 magnitudini
1165 725 1440 800 criminis,
1458 722 1542 785 sa-

331 806 586 869 tisfacere
608 813 975 890 expediationi
998 813 1325 885 hominum3
1362 809 1432 871 de
1448 832 1540 871 mc

327 896 543 975 aliquid
557 894 696 975 ipsc,
717 898 812 975 qui
837 894 1117 957 accusatus
1134 918 1302 971 eram,
1326 897 1539 960 dicere.

328 1003 485 1041 nunc
509 984 625 1059 jam
649 982 955 1041 revocandi
986 981 1108 1041 estis
1138 986 1233 1057 εὸ,
1267 985 1388 1061 que
1427 1004 1539 1053 voa

328 1067 444 1147 ipsa
469 1066 646 1141 causa,
671 1070 834 1129 etiam
857 1084 1077 1129 tacente
1102 1090 1211 1146 me,
1240 1070 1397 1146 cogit
1412 1072 1537 1128 ani·

329 1175 455 1215 mos
472 1153 788 1233 mentesque
801 1170 1147 1217 convertere.
1254 1157 1537 1215 Omnibus
1557 1168 1607 1209 ²5

328 1243 394 1301 in
409 1243 592 1315 rebus,
609 1240 858 1317 judices„
882 1262 1024 1321 quae
1038 1242 1321 1318 graviores
1346 1241 1537 1319 majo.

327 1324 520 1407 resque
535 1326 680 1400 sunt,
697 1328 832 1405 quid
849 1325 1078 1407 quisque
1094 1326 1360 1402 voluerit,
1374 1330 1537 1407 cogi-

327 1416 484 1489 tarit,
505 1411 796 1488 admiserit,
829 1435 949 1473 non
971 1435 1043 1473 ex
1058 1414 1312 1488 crimine,
1344 1411 1438 1472 sed
1462 1435 1541 1475 ex

325 1502 576 1561 moribus
607 1499 748 1577 ejuS,
785 1503 883 1579 qui
906 1502 1176 1578 arguitur,
1204 1496 1279 1557 est
1312 1500 1535 1579 ponde-

325 1586 584 1647 randum.
647 1606 826 1664 neque
855 1588 1004 1645 enim
1029 1584 1204 1666 potest
1236 1585 1531 1665 quisquam

325 1670 576 1732 nostrstm
601 1670 775 1730 subito
805 1670 963 1749 fingi,
992 1693 1173 1749 neque
1204 1671 1531 1751 cujusquam

324 1774 553 1839 repente
567 1760 684 1817 vita
707 1760 930 1831 mutari,
952 1773 1045 1817 aut
1070 1774 1265 1817 natura
1286 1778 1529 1817 conver-

323 1846 394 1905 ti.
418 1842 812 1923 circumspicite
830 1842 1097 1923 paulisper
1112 1844 1391 1901 mentibus
1408 1842 1530 1903 ves·

323 1932 454 2007 tris,
483 1946 546 1989 ut
569 1930 672 1991 alia
695 1931 1045 2003 omittamus,
1073 1928 1233 1987 hosce
1247 1926 1399 2005 ipsos
1424 1933 1528 1989 ho-

326 2018 532 2091 mineS,
570 2017 663 2095 qui
697 2017 822 2075 huie
845 2016 1037 2085 affines
1067 2013 1251 2074 sceleri
1277 2014 1527 2077 fuerunt.

326 2102 570 2167 Catilina
585 2117 778 2161 contra
789 2101 1175 2181 rempublicam
1184 2101 1527 2176 conjuravit.

326 2190 486 2267 cujus
505 2208 660 2247 aures
685 2207 931 2266 unquam
953 2191 1061 2246 hoc
1076 2186 1422 2266 respuerunt,
1437 2208 1531 2247 co·

324 2291 520 2337 natum
559 2272 660 2333 esse
692 2275 972 2333 hominem
1010 2272 1175 2351 usque
1213 2294 1245 2330 a
1290 2274 1531 2350 pueritia

325 2382 452 2422 non
473 2357 647 2418 solum
672 2361 1091 2439 intemperantia
1114 2374 1171 2417 et
1194 2357 1411 2431 scelere,
1439 2356 1532 2417 sed

325 2450 494 2507 etiam
510 2442 901 2529 cunsuetudine
916 2460 973 2507 et
984 2444 1162 2505 studio
1179 2446 1239 2503 in
1252 2446 1414 2505 omni
1431 2446 1531 2504 fla*
