1709 3042
524 180 577 233 A
604 179 657 233 G
682 178 733 233 R
757 179 809 233 A
834 178 888 233 R
907 178 938 232 1
965 180 1034 235 A.
1313 174 1386 245 89

194 272 302 347 bis,
322 272 427 353 qui
456 274 599 331 nihil
620 272 691 333 de
714 290 805 333 me
832 269 1150 346 credidistis,
1179 288 1244 331 nt
1271 292 1390 335 enm

192 360 569 432 voluntatem,
598 378 765 437 quam
779 358 984 439 semper
995 357 1254 419 habuistis
1264 378 1392 437 erga

195 464 305 520 me,
316 446 628 519 retineatis,
644 460 799 524 petet
814 466 847 505 a
858 446 1024 505 vobis
1039 459 1390 523 autem,quos

194 530 393 591 leviter
422 532 747 591 immutatos
778 528 883 590 effe
919 529 1131 606 lentio,
1163 550 1390 610 parvam

193 618 381 694 exigui
409 620 677 695 temporis
700 614 916 675 usuram
933 617 1114 675 bonae
1126 617 1196 676 de
1210 636 1300 675 me
1322 637 1388 676 o·

192 702 449 780 pinionis
472 701 710 781 postulo,
728 716 791 761 ut
804 720 947 777 eam,
961 700 1002 761 fi
1013 721 1154 781 quae
1167 700 1388 775 dixero,

189 789 357 846 vobis
379 788 651 867 probabo,
684 802 950 868 perpetuo
963 788 1282 859 retineatis,
1263 809 1279 825 ·
1307 786 1388 846 fin

188 870 375 948 aliter,
405 877 519 932 hoc
540 871 698 951 ipso
682 894 743 933 m
766 872 898 933 loco
913 872 1210 953 depolitum
1223 886 1389 951 atque

186 959 459 1036 abjeetam
472 958 829 1037 relinquatis..
846 959 1106 1036 completi
1131 957 1256 1017 sunt
1267 961 1390 1017 ani-

187 1045 267 1103 mi
271 1042 571 1122 ,auresque
581 1043 808 1119 vestrae,
826 1046 1094 1120 Quirites,
1113 1064 1204 1103 me
1218 1045 1386 1121 grati-

184 1127 449 1189 fioentem
488 1128 693 1210 septem
726 1132 1017 1209 tyrannis,
1061 1128 1388 1208 caeterisque

186 1215 533 1293 syllanarum
553 1216 970 1294 affignationum
983 1214 1386 1297 poss'efforibm,

184 1305 460 1378 Agrai-iae
474 1302 581 1378 legi
596 1317 653 1360 et
672 1301 982 1361 commodis
1003 1300 1196 1363 vestris
1219 1300 1385 1361 oblis-

186 1400 325 1447 oere.
371 1390 507 1447 haec
522 1386 563 1445 fi
584 1389 679 1465 qui
692 1388 1060 1462 crediderunt,
1081 1386 1216 1447 illud
1230 1389 1384 1465 prius

184 1472 525 1533 crediderint
540 1470 743 1532 neceffe
756 1473 851 1548 est,
874 1476 978 1532 hac
989 1472 1110 1550 lege
1129 1474 1384 1549 Agraria,

180 1576 333 1637 qnae
360 1558 707 1639 promulgata
734 1557 823 1633 fit,
842 1559 1012 1617 adimi
1039 1559 1292 1637 syllanus
1321 1578 1381 1617 a·

180 1664 348 1721 gros,
376 1643 642 1724 vobisque
670 1644 870 1719 dividi,
899 1659 994 1704 aut
1014 1644 1252 1723 denique
1271 1646 1378 1705 mi·

182 1731 291 1790 nui
320 1733 665 1810 privatorum
692 1730 1064 1811 poffessiones,
1106 1746 1171 1789 ut
1199 1732 1259 1789 in
1291 1750 1382 1789 en

182 1836 297 1875 vos
316 1816 687 1877 deducamini.
734 1815 773 1875 fi
796 1815 1046 1891 ostendo,
1075 1836 1196 1875 non
1211 1815 1381 1876 modo

184 1920 309 1961 non
332 1901 503 1959 adimi
532 1904 785 1980 cuiquam
806 1902 1022 1979 glebam
1051 1902 1122 1961 de
1143 1901 1378 1981 Syllanis

180 1989 359 2063 agriz,
376 1985 465 2045 sed
480 1989 645 2045 etiam
660 2007 837 2065 genus
850 1986 905 2045 id
923 2006 1203 2063 agrorum,
1225 2002 1380 2047 certo

178 2074 365 2152 capite
372 2071 511 2149 legis
526 2072 971 2151 impudqnfiffime
981 2072 1292 2131 confirmari
1303 2086 1382 2131 at·

178 2178 293 2236 que
306 2156 529 2217 sancit-it
546 2156 585 2215 fi
598 2158 799 2232 doceo,
820 2160 962 2235 agris
977 2159 1088 2232 hia,
1104 2160 1200 2236 qui
1215 2179 1248 2215 a
1263 2158 1380 2235 &ln

180 2243 237 2303 la
249 2242 380 2303 sunt
392 2242 530 2316 dati,
560 2242 631 2302 fic
650 2244 943 2321 diligenter
959 2244 1178 2303 Rullum
1195 2242 1286 2303 sua
1301 2243 1380 2302 le·

181 2350 251 2407 ge
262 2326 572 2403 consulere,
596 2345 661 2389 nt
680 2330 1128 2408 facileappareat,
1153 2350 1274 2389 eam
1299 2327 1380 2387 le·-

180 2434 331 2492 gem,
354 2434 475 2473 non
488 2414 833 2475 avestrorum
846 2414 1266 2475 commodorum
1286 2434 1384 2493 pa-

182 2516 383 2579 trona,
404 2498 495 2561 sed
510 2520 545 2559 a
557 2500 745 2581 Valgii
765 2520 974 2581 genero
985 2498 1090 2561 effe
1103 2497 1384 2579 conscrip-

485 2683 529 2705 Ἢ
