1709 3042
303 171 394 226 IN
431 169 1082 226 L;·cAT1L1NAM.
1220 167 1321 241 189

122 269 270 345 turi,
289 267 564 348 co‘e'gistisz
597 285 712 340 tum
733 268 887 349 quod
910 289 1055 344 eum,
1080 282 1137 326 et
1154 284 1327 330 caete·

126 377 248 432 ros,
279 356 346 415 de
369 358 572 437 quibus
597 354 901 433 judicastis,
938 357 1001 414 in
1024 353 1324 416 custodiam

128 441 346 503 dandos
363 439 662 501 εοηίὶιὶίίἰε.
646 441 1023 520 ·maximeque
1038 441 1189 521 quod
1202 462 1331 500 meo

129 530 364 590 nomine
391 526 848 607 supplicationem
870 526 1205 603 decrevistiS,
1224 529 1329 607 qui

129 619 316 676 honos
341 629 537 691 togato
553 615 774 672 habitus
805 627 937 673 ante
957 635 1045 673 me
1062 612 1137 673 est
1152 615 1333 674 nemi·

128 705 212 762 ni.
259 699 532 781 postremo
553 698 802 759 hesterno
821 699 911 758 die
932 702 1167 779 praemia
1184 699 1333 778 lega·

128 789 205 848 tis
232 785 620 864 Allobrogum,
644 786 898 865 Titoque
918 786 1219 846 Vulturcio
1238 786 1335 845 de-

128 871 281 934 distis
297 872 636 953 amplissima.
681 891 823 950 quae
835 870 965 931 sunt
986 874 1179 932 omnia
1192 870 1334 950 ejus-

128 959 310 1032 modi,
323 973 387 1018 ut
403 961 467 1032 ii,
489 959 658 1037 quiin
679 957 977 1020 custddiam
1001 960 1333 1018 nominatim

127 1045 247 1106 dati
269 1043 420 1120 sunt,
465 1043 576 1104 fine
603 1044 714 1103 ulla
742 1045 1089 1104 dubitatione
1110 1067 1141 1104 a
1169 1047 1333 1105 vobis

132 1131 387 1194 damnati
405 1129 510 1190 effe
523 1129 834 1190 videantur.
896 1129 986 1190 sed
1007 1151 1110 1208 ego
1126 1131 1335 1190 institui

128 1216 338 1278 referre
367 1215 436 1278 ad
463 1237 593 1290 νος,
632 1224 820 1276 Patres
858 1216 1175 1298 conscripti,
1203 1233 1334 1278 tan·

128 1323 304 1384 quam
319 1305 658 1386 integrum,
639 1317 695 1362 et
710 1303 777 1363 de
789 1301 958 1377 facito,
982 1303 1113 1383 quid
1123 1303 1337 1380 judice·

130 1393 232 1464 τῖες
243 1405 316 1450 ·et
327 1389 398 1450 de
412 1389 749 1470 poeua‚quid
765 1387 1051 1450 censeatis.
1075 1390 1167 1449 illa
1182 1411 1338 1470 prae·

129 1478 340 1552 dicam,
363 1497 502 1555 quae
517 1475 640 1536 sunt
657 1472 919 1536 consulis·
956 1497 1059 1553 ego
1076 1497 1335 1553 magnum

84 1577 96 1586 ‘
127 1567 196 1624 in
233 1564 516 1642 republica
551 1561 751 1622 versari
789 1561 1055 1635 furorem,
1100 1579 1153 1621 et
1188 1581 1339 1621 nova

131 1650 410 1730 quaedam
431 1649 662 1724 misceri,
682 1665 738 1708 et
755 1651 1025 1708 concitari
1042 1648 1219 1708 mala
1198 1669 1341 1724 Jam-

128 1736 354 1818 pridem
371 1736 658 1797 videbam:
689 1735 779 1794 sed
793 1738 937 1796 hanc
968 1751 1199 1810 tantam,
1224 1750 1337 1794 tam

129 1821 426 1884 exitiosam
459 1825 644 1883 haberi
671 1823 1115 1899 con-jurationem
1146 1843 1175 1880 a
1202 1823 1339 1882 civi-

131 1912 584 1989 bus,·minquam
607 1911 818 1990 putavi.
868 1929 1041 1983 nunc,
1070 1907 1343 1986 quidquid

132 1995 236 2074 est,
275 2013 614 2078 quocunque
635 1993 840 2055 vestrae
862 1993 916 2054 se
940 2010 1152 2055 mentes
1178 1993 1341 2053 incli-

131 2099 308 2160 nant,
337 2099 506 2163 atque
519 2080 841 2157 sententiae,
872 2081 1212 2141 statuendum
1237 2101 1340 2139 vo·

130 2173 222 2231 bis
239 2186 372 2232 ante
387 2172 603 2230 anetem
617 2167 710 2229 est.
756 2184 1025 2247 quantum
1042 2166 1255 2226 facinus
1272 2165 1343 2226 ad

131 2277 244 2320 vos
267 2255 510 2317 delatum
533 2255 620 2330 fit,
639 2253 881 2315 videtis.
926 2255 1053 2314 huic
1076 2252 1113 2312 fi
1136 2272 1343 2332 paucos

131 2345 351 2424 putatis
369 2341 562 2402 affines
577 2338 703 2415 effe,
739 2345 1093 2402 vehementer
1121 2341 1339 2400 erratis.

129 2431 306 2492 latius
331 2430 602 2511 opinione
615 2427 1014 2492 diss'eminatnm
1030 2426 1105 2485 est
1112 2428 1221 2484 hoc
1233 2445 1347 2484 ma-

129 2515 294 2586 hum
324 2516 578 2584 manavit
607 2535 728 2578 non
767 2512 944 2578 solum
980 2533 1077 2595 per
1109 2510 1346 2589 ltaliam,
