1709 3042
307 112 419 176 180
592 114 1012 171 ORATIO
1069 114 1174 172 111.

298 212 513 284 obrem,
524 210 768 283 Quirites
773 254 792 285 ‚
802 211 1070 289 quoniam
1087 209 1156 269 ad
1171 209 1368 269 omnia
1381 210 1504 290 pul·

300 297 516 354 vinaria
539 294 864 375 supfssicatio
885 297 1101 358 decreta
1127 294 1228 371 est,
1259 296 1507 357 celebra-

298 396 419 441 tote
440 382 567 441 illos
584 381 700 441 dies
724 404 849 441 cum
867 384 1200 461 conjugibus
1227 404 1294 442 ac
1315 382 1508 443 liberis

297 466 509 527 vestris,
560 489 688 527 nam
726 470 886 527 multi
925 468 1082 548 saepe
1112 472 1361 529 honores
1395 470 1508 529 diis

298 553 701 615 immortalibus
714 554 843 633 justi
856 557 1028 615 habiti
1045 554 1194 630 sunt,
1229 576 1295 613 ac
1309 554 1510 630 debiti,

298 637 390 699 sed
421 640 667 719 profesto
692 640 949 718 justiores
975 660 1283 719 nunquam.
1330 644 1510 721 erepti

298 728 451 785 enim
471 725 593 786 estis
616 746 687 783 ex
718 727 1078 786 crudelissimo
1099 748 1164 786 ac
1194 725 1514 787 miserrimo

301 813 553 886 interitu,
576 827 631 871 et
646 815 817 891 erepti
832 812 946 872 fine
961 812 1146 887 caede,
1163 812 1275 872 fine
1289 812 1514 891 sangui-

302 919 399 973 ne,
422 897 533 957 fine
558 902 826 973 exercitu,
851 898 965 959 fine
987 898 1369 960 dimicatione.
1403 897 1516 959 'to-

304 988 443 1063 gati,
464 1004 551 1045 me
564 1005 681 1045 uno
698 1001 890 1063 togato
905 986 1065 1060 duce,
1079 1000 1136 1044 et
1149 987 1515 1064 imperatore,

302 1070 531 1133 vicistis.
578 1074 781 1131 etenim
814 1072 1201 1146 recordamini,
1233 1074 1514 1149 Quirites,

262 1220 267 1225 ,
302 1178 503 1218 omnes
526 1158 714 1219 civiles
736 1157 1110 1231 diffenfione8‚
1133 1178 1316 1238 neque
1332 1158 1514 1219 solum

196 1294 203 1303 .
306 1264 425 1318 eae,
448 1264 585 1324 quas
614 1244 853 1319 audistiS,
877 1244 966 1305 sed
985 1259 1042 1304 et
1071 1249 1190 1320 has,
1213 1264 1358 1325 quas
1381 1244 1512 1305 vos·

305 1328 520 1410 metipfi
540 1332 860 1391 meministis
867 1374 888 1406 ,
915 1348 972 1391 et
991 1328 1222 1391 vidistis,
1270 1338 1344 1391 L.
1365 1330 1513 1409 sylla

306 1424 376 1479 Ρ.
406 1418 705 1497 Sulpicium
746 1418 1038 1497 oppreffitz
1071 1438 1144 1477 ex
1175 1418 1312 1477 urbe
1341 1418 1516 1495 ejecit

308 1510 380 1564 C.
405 1506 665 1579 Marium,
688 1502 966 1565 custodem
979 1504 1146 1582 hujus
1161 1505 1338 1563 urbis:
1364 1502 1512 1563 mul-

307 1590 503 1671 tosque
518 1590 689 1651 fortes
704 1593 860 1651 viros
876 1592 1076 1671 partim
1099 1591 1262 1668 ejecit
1283 1610 1358 1649 ex
1371 1591 1514 1650 civi-
1557 1634 1562 1637 -

308 1692 447 1749 tate,
476 1680 678 1761 partim
706 1679 1008 1737 interemit.
1071 1682 1182 1735 Cn.
1219 1677 1515 1751 Octavius»,

308 1760 529 1842 consul,
539 1766 703 1823 armis
718 1784 790 1823 ex
804 1766 942 1823 urbe
955 1761 1222 1841 collegam
1238 1760 1396 1821 snum
1411 1782 1514 1821 ex-

309 1849 494 1931 pulit:
520 1852 709 1927 omnis
744 1852 835 1909 hic
875 1850 1030 1909 locus
1059 1850 1272 1909 acervis
1306 1868 1514 1928 corpo-

311 1956 457 2011 rum,
474 1952 531 1995 et
546 1938 750 1997 civium
766 1934 1028 2013 sanguine
1043 1933 1400 1996 redundavit.
1425 1933 1516 1994 su-

310 2025 525 2103 peravit
555 2020 737 2103 postea
764 2024 952 2081 Cinna
979 2042 1105 2083 cum
1137 2022 1360 2081 Mario:
1393 2036 1517 2081 tum

310 2129 471 2184 vero,
502 2108 795 2169 clariffimis
816 2110 954 2169 viris
968 2106 1289 2181 interfectis,
1304 2106 1520 2167 lumina
1676 2164 1677 2187 ἶ

310 2197 559 2255 ‘civitatis
578 2198 831 2255 extincta.
850 2194 998 2255 suut.
1063 2194 1210 2254 ultus
1239 2192 1317 2253 est
1346 2194 1515 2269 hujus
1665 2188 1678 2291 J

308 2282 571 2341 victoriae
584 2281 964 2341 crudelitatem
973 2279 1156 2363 postca
1165 2278 1334 2359 sylla:
1347 2300 1420 2339 ne
1431 2279 1518 2339 di-

290 2368 601 2445 xciquidem
614 2386 757 2447 opus
780 2366 876 2443 est,
899 2382 1105 2446 quanta
1133 2366 1514 2427 diminutione

310 2453 511 2513 civium
515 2467 595 2527 ,et
612 2468 823 2532 quanta
836 2454 1146 2521 calamitate
1161 2452 1513 2535 reipublicae.
