1709 3042
345 167 427 219 IN
467 167 531 231 L
563 166 1112 223 CATILINAM.
1245 168 1351 237 165

152 284 282 324 cum
297 262 390 321 illa
401 265 576 339 magis
588 262 649 321 fit
660 262 1078 352 timenda‚quod
1092 266 1249 323 vivus
1260 284 1355 323 ex-

153 352 316 423 ierit)
329 346 416 406 sed
429 364 691 422 tum,cum
709 350 864 409 illum
880 351 1233 408 exterminari
1248 370 1351 410 vo-

153 436 362 504 lebam3
397 448 492 491 aut
508 434 770 512 reliquam
787 436 1219 511 conjuratorum
1239 454 1355 493 ma·

155 540 298 579 num
320 517 474 577 fimul
504 521 796 593 exituram,
821 536 1048 591 aut-eos,
1084 521 1181 597 qui
1205 519 1355 578 resti-

157 604 369 681 tiss'ent,
401 602 656 663 infirmos
669 604 781 665 fine
794 604 893 664 illo
912 628 975 665 ac
998 604 1207 665 debiles
1233 604 1356 665 fore

155 692 444 771 putabam.
487 706 652 766 atque
667 712 792 767 ego,
808 706 871 749 ut
886 689 1019 762 vidi,
1036 711 1179 768 quos
1195 710 1355 751 max·

155 780 280 835 imo
319 772 504 833 furore
533 790 591 832 et
621 772 814 835 scelere
851 775 955 835 effe
985 777 1357 835 inflammatos

159 858 418 933 sciebam,
433 880 530 917 eos
547 860 827 921 nobiscum
841 860 1034 933 effe,et
1050 868 1255 919 Romae
1273 882 1361 919 re·

159 944 410 1007 manfiss'e
438 966 453 1004 ε
501 946 560 1003 in
591 966 658 1003 eo
689 966 885 1005 omnes
912 946 1029 1004 dies
1066 944 1361 1023 nostesque

160 1028 497 1111 consumpsi,
527 1046 614 1104 ut,
637 1032 770 1109 quid
785 1047 1032 1108 agerent,
1046 1031 1181 1109 quid
1196 1030 1361 1090 moli·

163 1131 388 1190 rentur,
426 1113 678 1175 sentirem
695 1138 758 1177 ac
779 1117 1055 1176 viderem:
1102 1133 1186 1192 ut,
1216 1137 1360 1195 quo-

163 1205 322 1263 niam
339 1203 558 1259 auribus
576 1200 787 1275 vestris,
818 1218 1045 1282 propter
1067 1202 1361 1279 incredibi-

160 1290 278 1349 lem
303 1286 736 1363 magnitudinem
762 1286 999 1363 sceleris»,
1013 1291 1289 1348 minorem
1305 1288 1365 1347 fi-

163 1374 294 1435 dem
317 1371 518 1431 faceret
531 1376 710 1431 oratio
726 1394 866 1448 mea,
892 1376 1095 1431 remita
1116 1395 1365 1453 compre-

163 1456 488 1530 henderem,
519 1473 580 1515 ut
601 1472 718 1517 tum
741 1457 961 1517 demum
992 1460 1187 1517 animis
1210 1456 1365 1517 saluti

165 1543 378 1604 vestrae
412 1542 794 1621 provideretis,
823 1565 946 1602 cum
967 1542 1142 1603 oculis
1160 1541 1365 1602 malefi-

168 1632 318 1691 cium
340 1626 512 1707 ipsum
536 1628 813 1688 videtetiS.
860 1632 1045 1707 itaque
1062 1644 1121 1687 ut
1144 1650 1365 1709 compe-

167 1718 247 1789 ri,
262 1715 478 1791 legatos
495 1713 885 1791 Allobrogum,
905 1715 1031 1774 belli
1048 1713 1368 1794 Transalpi·

167 1803 258 1875 ni,
273 1813 332 1857 et
347 1799 610 1857 tumultus
627 1798 824 1859 Gallici
839 1801 1116 1859 excitandi
1139 1800 1315 1877 causa,
1336 1823 1371 1859 a

173 1894 240 1947 P.
285 1884 524 1943 Lentulo
561 1884 662 1943 effe
693 1884 1041 1959 sollicitatos,
1080 1884 1277 1964 eosque
1306 1890 1371 1947 in

175 1969 418 2031 Galliam
446 1970 514 2029 ad
547 1968 674 2029 suos
706 1975 879 2045 civet„
918 1972 1110 2029 eodem
1151 1973 1370 2045 itinere,

176 2078 308 2117 cum
337 2054 512 2115 literis
543 2054 941 2135 mandatisque,
974 2055 1041 2114 ad
1078 2056 1373 2115 Catilinam

175 2140 282 2201 essie
313 2140 524 2216 missos,
555 2143 922 2219 comitemque
954 2142 1025 2198 iis
1056 2140 1375 2215 adjunctum

178 2227 560 2303 Vulturcium,
575 2242 739 2308 atque
757 2228 883 2285 huic
899 2226 1051 2285 datas
1066 2222 1167 2285 effe
1182 2225 1250 2284 ad
1270 2232 1376 2285 Ca·

177 2313 400 2371 tilinam
418 2311 630 2372 literasz
653 2312 963 2371 facultatem
985 2312 1119 2369 mihi
1134 2310 1379 2373 oblatam

177 2397 372 2479 putavi
378 2397 637 2477 ‚ut‚quod
653 2414 771 2456 erat
783 2396 1187 2469 difficillimum,
1198 2396 1377 2475 quod·

180 2502 293 2565 que
315 2502 423 2564 ego
445 2482 652 2567 semper
671 2486 930 2567 optabam
952 2503 987 2545 a
1016 2481 1121 2544 diis
1151 2483 1379 2545 immor-
