1709 3042
471 168 538 223 L.
589 164 632 224 F
658 168 708 222 L
733 168 784 223 A
809 168 858 222 C
884 168 933 221 C
960 168 1033 221 Ο.
1228 180 1259 241 3
1276 176 1347 241 39

147 280 298 335 men,
323 274 392 319 ut
421 261 650 341 opinor,
671 259 868 336 jacent
896 260 1049 319 vieti.
1097 276 1229 319 nam
1258 258 1355 321 iste

147 366 294 409 unus
309 360 492 405 totam
515 344 695 405 Afiam
719 346 1102 424 magnitudine
1124 345 1354 426 poculo·

147 454 296 508 rum,
333 430 684 512 bibendoque
714 430 1011 513 superavit.
1058 430 1147 491 sed
1172 446 1357 493 tamen

148 523 276 601 quis
291 520 417 595 tibi,
441 518 619 594 Laeli,
648 518 721 578 de
737 517 979 599 epistolis
1002 516 1113 579 istis
1136 516 1357 579 indica·

149 608 261 667 vlt?
287 606 548 667 mulieres
564 620 770 683 negant
786 604 839 665 se
853 602 991 666 scire
1004 607 1101 685 qui
1116 604 1208 665 fis.
1240 604 1357 687 ipse

147 695 325 773 igitur
347 692 438 752 ille
453 693 577 767 tibi,
609 691 662 751 se
688 690 755 751 ad
785 708 1015 753 matrem
1034 708 1090 751 ct
1112 691 1356 754 sororem

147 778 430 863 scripfifl'e,
443 779 723 839 narravit?
743 789 812 837 an
829 780 996 838 etia'm
1012 777 1215 861 scripfit
1228 800 1355 839 ora-

152 883 216 926 tu
239 867 384 926 tuo?
431 880 490 925 at
509 882 644 925 vero
678 871 762 925 Μ.
791 868 1109 939 Aebutium,
1140 880 1197 923 et
1214 876 1355 925 con*

149 950 523 1013 stantiffimum
533 966 590 1009 et
606 949 1039 1031 pudentiffimum
1050 953 1329 1011 hominem
1333 963 1356 1026 ,‘

149 1040 384 1099 Pale-idii
398 1038 644 1115 affinem,
675 1038 812 1097 nihil
831 1041 1147 1117 interrogas
1168 1038 1191 1097 ἓ
1215 1038 1356 1097 nihil

149 1128 278 1204 ejus
307 1118 596 1203 generum,
629 1126 750 1205 pari
781 1123 889 1183 fide
918 1125 1248 1205 praeditum,
1280 1128 1355 1191 C.

149 1212 454 1274 Manilium
476 1208 498 1270 ἓ
529 1212 626 1290 qui
647 1208 897 1291 profecto
917 1206 989 1271 de
1008 1222 1164 1272 tanta
1185 1232 1355 1291 pecu·

151 1301 275 1377 nia,
298 1294 337 1357 fi
358 1297 489 1357 esset
511 1292 662 1373 dani,
687 1298 825 1355 nihil
858 1296 1059 1358 audissie
1079 1314 1200 1357 non
1230 1296 1355 1379 pos-

151 1382 255 1446 set.
303 1382 390 1443 his
407 1394 476 1443 t'u
489 1385 660 1462 igitur
680 1382 944 1463 epistoliS‚
967 1387 1233 1457 Deciane,
1264 1404 1351 1443 re-

151 1473 366 1545 citatis,
377 1474 464 1531 his
479 1470 812 1530 mulierculis
828 1470 1133 1555 productis„
1152 1470 1251 1529 illo
1263 1472 1357 1531 ab·

153 1556 312 1619 sente
327 1562 547 1617 austere
564 1556 808 1633 laudato,
835 1568 1060 1617 tantum
1076 1572 1131 1617 te
1144 1559 1357 1617 crimen

153 1648 521 1727 probaturum
537 1642 765 1723 putasti3
799 1642 1113 1723 praesertim
1130 1664 1255 1703 cum
1270 1645 1358 1723 ip·

157 1730 236 1807 se,
262 1749 380 1791 non
402 1730 723 1791 deducendo
737 1729 1063 1806 Falcidium,
1083 1730 1357 1809 judicium

155 1816 377 1892 seceriS,
399 1818 524 1899 plus
546 1814 731 1876 falsam
746 1815 1025 1903 epistolam
1047 1814 1357 1877 habituram

157 1903 449 1985 ponderis,
479 1922 644 1983 quam
667 1902 830 1991 ipfius
860 1902 1155 1981 praesentis
1176 1901 1359 1964 ficiam

79 2010 141 2066 38
157 2010 383 2067 vocem,
413 2006 471 2050 et
491 1982 791 2050 fimulatam
825 1990 1118 2050 dolorem?
1252 1988 1357 2049 Sed

157 2078 296 2159 quid
317 2094 424 2156 ego
439 2077 506 2137 de
516 2076 752 2158 epistolis
770 2077 1018 2151 Falcidii,
1041 2086 1137 2135 aut‘
1152 2075 1220 2134 de
1236 2084 1357 2136 An·

159 2166 343 2225 drone
353 2164 781 2238 Sextilio,autde
793 2165 1027 2224 Deciani
1046 2160 1208 2221 censu
1224 2171 1361 2221 tam'·

155 2250 254 2311 diu
272 2249 515 2331 disputo,
532 2266 588 2308 et
602 2248 929 2331 expostulO.
916 2251 937 2291 ³
968 2248 1035 2307 de
1056 2246 1223 2307 salute
1235 2254 1359 2306 om·-

159 2338 320 2397 nium
345 2337 614 2411 nostrum,
640 2337 708 2396 de
736 2336 980 2395 fortunis
1002 2336 1261 2409 civitam,
1292 2333 1361 2393 de

159 2423 378 2484 summa
396 2423 720 2505 reipublicae
735 2427 923 2483 taceo?
941 2441 1107 2501 quam
1119 2439 1225 2481 vos
1240 2422 1363 2478 unl-

163 2508 428 2573 versam
411 2529 472 2571 m
503 2513 610 2571 hoc
633 2502 850 2590 judicio
879 2507 1068 2571 vestris
1097 2502 1364 2585 humeth,

713 2602 755 2656 P
807 2614 841 2657 2
