1709 3042
503 168 1057 227 L.FLAcco.
1274 186 1379 245 30¹

163 261 563 339 domesticum,
585 264 782 327 docere
803 266 993 326 debuit
1016 288 1031 324 ε
1058 266 1110 325 se
1130 269 1389 346 privatim

167 352 570 412 drachmarum
591 370 746 412 ccvi
769 352 943 411 millia
962 352 1178 411 dediffe.
1213 374 1391 431 quan·

169 453 312 497 tum
333 435 429 496 fibi
445 437 684 497 ablatum
705 440 876 498 homo
901 439 1388 517 impudentissimus

174 524 352 595 dicit,
383 536 598 581 tantum
615 542 899 603 nunquam
916 524 990 581 est
1004 521 1188 596 ausu8‚
1210 538 1273 582 ut
1296 527 1394 581 ha-

177 612 373 679 beret,
403 622 614 687 optare.
662 610 728 668 ab
758 609 906 667 Aulo
938 609 1170 668 SextilIO
1193 609 1327 668 dicit
1342 608 1397 668 se

182 692 420 767 dedisse,
451 708 510 751 et
538 714 570 750 a
601 693 709 753 suis
737 692 1019 754 fratribus.
1070 697 1251 773 potuit
1268 695 1399 755 dare

183 779 479 839 Sextilius.
524 798 652 839 nam
665 778 860 839 fratres
878 780 1095 857 quidem
1111 802 1217 839 con
1226 779 1397 839 sortes

187 862 327 935 sumt
348 864 736 924 mendicitatis.
780 867 1061 925 audiamus
1080 868 1248 943 igitur
1262 874 1397 926 Sex·

187 950 382 1009 tilium
403 971 421 1008 r
451 948 645 1009 stactes
681 950 919 1030 denique
948 950 1045 1029 ipfi
1086 950 1355 1031 prodeant
1375 973 1394 1011 ε

191 1054 370 1116 quam
399 1035 612 1109 volent,
643 1038 988 1117 impudenter
1018 1037 1355 1095 mentiantur
1378 1058 1397 1096 ε

192 1136 276 1195 et,
307 1120 460 1199 quod
485 1140 770 1199 nunquam
793 1124 1105 1194 habuerint,
1133 1121 1327 1181 dedisse
1346 1120 1399 1183 se

193 1207 414 1267 dioent.
425 1222 608 1265 tamen
621 1207 826 1287 aliquid
837 1204 1055 1265 fortass'e
1069 1228 1255 1265 vcoram
1272 1228 1401 1287 pro-

193 1291 350 1352 dueti
365 1290 632 1365 dicent,in
652 1312 766 1369 quo
784 1292 1397 1372 reprehendantur.non

197 1376 432 1451 deduxi,
445 1378 653 1455 inquit,
671 1379 978 1437 Sextilium.
1008 1376 1145 1439 cedo
1163 1380 1394 1440 tabulas.

203 1482 326 1522 non
361 1460 669 1539 deportavi.
731 1464 923 1522 fratres
959 1462 1143 1523 saltem
1176 1467 1397 1527 exhibe.

204 1566 326 1607 non
345 1546 691 1609 denuntiavi.
727 1548 877 1627 quod
894 1570 1029 1625 ergo
1054 1568 1198 1609 unus
1217 1548 1401 1608 Ascle·

203 1633 418 1713 piades,
447 1632 668 1693 fortuna
689 1654 876 1711 egens,
905 1636 1020 1693 vita
1038 1650 1093 1692 tu
1102 1636 1238 1713 πρῖε,
1259 1633 1405 1693 exis«

208 1719 494 1777 timatione
523 1718 837 1794 damnatus,
872 1718 1210 1798 impudentia
1234 1734 1401 1797 atque

207 1803 434 1862 audacia
451 1802 645 1877 fretus,
675 1804 786 1863 fine
799 1806 1024 1879 tabulis,
1054 1803 1164 1864 fine
1180 1810 1401 1865 auetoue

206 1889 416 1967 legerit,
442 1889 499 1947 id
527 1910 658 1963 nos,
690 1889 836 1967 quafi
864 1893 1094 1964 crimen,
1130 1906 1225 1951 aut
1254 1889 1401 1951 testi-

207 1976 460 2035 monium
489 1975 967 2053 pertimescamus?
998 1976 1143 2036 idem
1168 1977 1400 2039 laudati-

207 2079 396 2135 onem,
407 2080 571 2139 quam
589 2080 694 2122 nos
711 2064 780 2120 ab
796 2061 1229 2122 Acmonensibus
1241 2064 1399 2124 Flac-

207 2165 278 2207 co
299 2145 480 2205 datam
511 2146 943 2226 proferebamus„
978 2145 1161 2207 falsam
1190 2146 1295 2207 effe
1316 2148 1402 2209 di·

210 2233 383 2293 oebat.
429 2232 590 2309 cujus
605 2233 824 2311 quidem
841 2232 1175 2292 laudationis
1191 2233 1405 2309 jaetura

210 2316 526 2394 exoptanda
556 2319 720 2376 nobis
751 2314 877 2376 fuit.
938 2338 1066 2375 nam
1095 2332 1157 2375 ut
1192 2316 1401 2395 {ignum

213 2404 484 2483 publicum
499 2400 736 2481 inspexit
757 2402 1067 2481 praeclarus
1092 2401 1183 2461 iste
1216 2408 1405 2464 audior

213 2486 334 2551 suae
367 2489 634 2569 civitatis,
671 2487 840 2559 solere
870 2486 999 2555 suos
1027 2490 1199 2568 cives,
1228 2505 1408 2557 caete-
