1709 3042
449 175 518 228 L.
563 171 1009 229 FLACCO.
1208 186 1326 248 3¹⁷

105 269 306 332 ratrix
319 267 505 344 officii,
522 269 674 328 curia
689 289 705 328 ε
731 281 914 326 tamen
930 279 1169 346 quantos
1184 267 1322 325 fluc-

26 411 38 426 .,
107 375 219 418 tus
235 357 464 416 excitari
479 357 814 416 concionum
829 354 1061 415 videtis?
1073 353 1204 432 quid
1216 371 1321 412 vos

26 431 38 476 '-
105 443 245 504 fieri
259 440 488 502 censetis
503 442 816 502 Trallibus?
843 460 914 500 an
930 439 1011 514 id,
1026 439 1177 520 quod
1194 447 1323 498 Per-

24 583 30 594 .
109 530 314 608 garni?
343 528 444 588 nifi
470 529 618 588 forte
645 532 746 588 hae
761 529 1011 588 civitates
1028 525 1323 586 existimari

23 607 34 678 Ξ
111 617 349 688 volunt,
383 613 600 674 facilius
623 635 734 674 una
757 611 816 672 se
843 610 1067 693 epistola
1098 615 1321 674 Mithri-

24 695 34 762 Ῐ
113 702 266 761 datis
283 703 494 760 moveri
509 700 822 780 impellique
836 698 1092 778 potuiffe,
1108 715 1169 759 ut
1183 701 1319 760 ami·

25 863 27 870 Ι
115 791 310 848 citiam
326 788 516 866 populi
537 788 800 859 Romani,
822 785 984 846 fidem
1000 785 1170 862 suam,
1192 787 1321 863 jura

25 949 27 952 Α
115 875 318 934 omnia
335 873 504 932 officii
527 871 983 950 humanitatisque
1002 873 1315 948 violarent3

22 1015 24 1018 ,
114 981 294 1040 quam
311 975 372 1019 ut
395 958 566 1018 filium
581 958 893 1018 testimonio
908 957 1206 1034 laederent,
1222 981 1319 1018 cu-

107 1049 216 1128 jus
233 1059 458 1126 patrem·
470 1047 634 1105 armis
657 1043 967 1125 pellendum
982 1067 1015 1104 a
1038 1043 1149 1104 suis.
1167 1065 1319 1104 moe-

115 1135 291 1192 nibus
306 1130 652 1192 censuiffent.
683 1151 851 1208 quare
868 1131 1043 1190 nolite
1066 1133 1205 1190 mihi.
1223 1131 1319 1191 ista

115 1221 361 1278 nomina
388 1221 672 1278 civitatum
703 1218 973 1278 nobilium
1011 1238 1316 1298 opponere,

117 1325 274 1383 quos
297 1308 442 1364 enim
457 1303 635 1364 hostes
653 1307 784 1362 haec
807 1304 1013 1362 familia
1027 1321 1316 1384 contemp-

115 1390 211 1464 sit,
235 1411 521 1468 nunquam
543 1387 929 1450 eosdem-testes
954 1390 1319 1470 pertimescet.
1383 1444 1387 1450 .

117 1479 293 1536 vobis
315 1492 499 1548 autem,
519 1474 590 1534 est
611 1475 1011 1552 confitendum,
1040 1474 1079 1534 fi
1098 1476 1317 1538 confili-

113 1564 172 1622 is
188 1563 502 1642 principum
516 1560 722 1622 vestrae
735 1563 988 1622 civitates
1012 1579 1277 1639 reguntur
1294 1586 1315 1637 3

115 1669 247 1708 non
265 1648 631 1709 multitudinis
649 1651 955 1708 temeritate
959 1648 1069 1723 ‚sed
1082 1651 1320 1728 optima-

116 1750 246 1794 tum
275 1733 506 1796 confilio
541 1734 742 1794 bellum
765 1736 833 1793 ab
862 1733 974 1794 istis
1006 1736 1320 1798 civitatibus

113 1842 248 1881 cum
264 1821 472 1900 populo
497 1826 756 1880 Romano
769 1818 875 1880 effe
891 1819 1211 1902 susceptum.
1237 1822 1317 1884 fin

113 1907 216 1968 ille
238 1921 356 1966 tum
375 1921 562 1966 motus
593 1905 668 1966 cst
697 1907 999 1968 temeritate
1028 1910 1317 1988 imperito·

119 2011 250 2052 rum
265 1995 560 2052 excitatusz
587 1993 868 2072 patiamini
884 2013 973 2054 me
986 1993 1177 2055 delicia
1192 1997 1316 2056 vul·

37 2076 99 2120 25
121 2081 184 2158 gi
205 2099 242 2138 a
263 2078 480 2158 publica
501 2076 658 2138 causa
679 2076 939 2158 separare.
1030 2087 1139 2140 “At
1169 2085 1317 2144 enim

115 2165 274 2226 istam
299 2165 582 2243 pecuniam
613 2166 752 2230 huic,
769 2185 961 2243 capere
989 2186 1107 2224 non
1138 2168 1314 2228 licuit.

123 2267 312 2311 utrum
325 2249 495 2310 vultis
513 2251 654 2329 patri
677 2250 856 2309 Flacci
872 2249 1093 2323 licuisse,
1110 2257 1313 2313 necne?

119 2337 160 2398 fi
173 2338 352 2409 licuit,
371 2333 525 2396 ficuti
541 2349 684 2396 certe
697 2335 876 2394 licuit:
907 2335 975 2394 ad
998 2340 1117 2413 eJus
1132 2341 1315 2398 hono·

120 2443 210 2484 res
226 2423 504 2494 collatam,
530 2441 603 2480 ex
625 2424 822 2498 quibus
852 2415 963 2500 ipse
978 2424 1112 2482 nihil
1138 2428 1315 2504 capie-

119 2511 249 2586 bat,‚
271 2510 442 2589 patris
459 2510 746 2588 pecuniam
764 2513 905 2568 reste
918 2507 1132 2570 abstulit
1146 2509 1314 2582 filius.
