1709 3042
416 153 974 210 L0FLACC0.
1175 169 1288 230 337

68 248 117 314 fi
150 267 261 333 per
290 247 445 306 hunc
480 249 846 321 Antiochum,
876 263 1166 327 paternum
1188 252 1293 309 hu·

62 339 177 417 jus
194 331 559 395 adolescentis
573 333 855 407 libertum,
869 331 984 394 seni
999 334 1080 394 illi
1094 335 1296 397 Flacco

72 418 549 506 probatissimum?
566 418 890 480 videmurne
905 440 1025 480 non
1041 418 1216 480 solum
1235 443 1298 482 a·

74 508 327 571 varitiae
340 507 549 566 crimen
562 503 825 584 effugere,
860 500 952 566 sed
973 507 1136 568 etiam
1161 507 1296 568 libe-

73 593 329 657 talitatis
344 591 557 652 laudem
572 590 775 672 assequi
786 589 1108 670 singularem
1117 595 1298 656 icom-

80 698 325 743 munem
342 679 491 738 enim
506 677 882 751 hereditatem,
900 699 1044 759 quae
1057 681 1298 761 aequali-

82 784 181 828 tet
196 765 273 826 ad
283 779 577 843 utrumque
584 763 705 842 lege
714 763 942 824 venisset
947 767 1222 840 ‚conceffit
1237 789 1300 828 a·

84 850 743 931 dolescenti,propinquo
759 849 878 911 suo:
889 851 1030 910 nihil
1047 852 1158 933 ipse
1167 855 1299 914 atti-

84 943 179 1020 git
188 938 261 997 de
273 936 587 996 Valerianis
596 937 944 1018 boniz.quod
951 936 1208 999 statuerat
1217 939 1302 999 fa-

88 1045 249 1098 cere,
263 1023 528 1083 adductus
543 1022 707 1100 hujus
722 1023 957 1102 pudore,
973 1039 1030 1082 et
1045 1045 1164 1084 non
1180 1045 1300 1086 am·

88 1109 343 1193 pliffimis
359 1111 683 1189 patrimonii
698 1111 899 1189 copiis,
913 1109 972 1170 id
987 1131 1105 1170 non
1123 1110 1302 1174 splum

88 1198 257 1272 fecit,
289 1195 381 1256 sed
398 1196 565 1256 etiam
588 1195 803 1275 prolixe
822 1197 1206 1278 cumulateque
1219 1197 1302 1258 fe·

92 1285 203 1344 cit.
250 1301 326 1342 ex
355 1301 469 1361 quo
492 1281 727 1360 intelligi
746 1280 932 1358 debet,
953 1301 1082 1344 eum
1101 1301 1304 1346 contra

94 1371 259 1446 leges
282 1369 541 1447 pecunias
566 1389 683 1428 non
700 1365 916 1448 cepisse,
939 1371 1163 1448 quintam
1181 1371 1302 1436 fiae·

96 1456 185 1516 rit
218 1456 282 1513 in
318 1453 621 1514 hereditate
658 1453 1013 1518 concedenda
1041 1454 1302 1520 liberalis.

98 1557 165 1601 at
180 1539 557 1600 Falcidianum
572 1541 777 1600 crimen
794 1539 872 1600 est
887 1542 1109 1619 ingenae
1127 1541 1308 1604 talen-

101 1642 167 1686 ta
188 1627 601 1706 quinquaginta
622 1625 673 1688 se
695 1628 897 1686 Flacco
919 1628 1056 1688 dicit
1087 1627 1306 1690 dediss'e.
1421 1669 1428 1676 ·

101 1711 393 1772 audiamus
411 1713 713 1772 hominem.
746 1734 868 1774 non
882 1712 1042 1775 adest.
1069 1735 1310 1794 quomo·

102 1798 187 1860 do
196 1799 369 1875 igitur
384 1797 547 1858 dicit?
566 1798 845 1879 epistolam
861 1801 1162 1878 materejus
1176 1823 1312 1881 pro·

105 1884 247 1960 fert,
268 1900 323 1942 et
339 1883 562 1944 alteram
576 1884 733 1944 soror
748 1908 765 1946 ε
790 1885 1050 1965 scriptum
1066 1887 1136 1947 ad
1157 1887 1210 1948 se
1225 1889 1312 1948 di·

106 1984 251 2034 cunt
266 1968 368 2028 effi:
384 1972 453 2028 ab
472 1969 595 2044 illo,
607 1985 826 2038 tantam
843 1976 1128 2051 pecuniam
1153 1974 1312 2034 Flac-

110 2079 183 2117 co
209 2055 415 2116 datam.
463 2077 599 2136 ergo
630 2059 703 2131 is,
736 2060 831 2138 qui
863 2057 902 2118 fi
936 2077 1084 2118 aram
1115 2075 1314 2120 tenens

102 2145 351 2224 juraret,
382 2141 625 2203 crederet
655 2163 841 2219 neme,
885 2165 980 2224 per
1003 2144 1318 2222 epistolam,

112 2227 277 2310 quod
310 2227 487 2304 volet,
514 2230 789 2308 injuratus
823 2231 1122 2308 probabit?
1149 2232 1328 2309 atqui

113 2315 234 2377 vir?
262 2317 431 2394 quim
452 2335 572 2374 non
588 2317 795 2376 amicus
811 2313 922 2376 suit
945 2316 1184 2376 civibus?
1219 2318 1320 2395 qui

114 2401 515 2483 patrimonium
535 2399 660 2460 satis
685 2401 916 2477 lautum,
940 2401 1090 2480 quod
1106 2403 1194 2462 hic
1211 2421 1321 2462 no-

113 2484 329 2560 biscum
371 2481 643 2548 conficere
686 2490 874 2569 potuit
915 2531 936 2568 ‚
984 2496 1320 2556 Graecorum
