1709 3042
394 179 501 241 ΙΝ
528 180 597 235 L.
627 174 1186 233 CATILINAM.
1302 190 1412 247 υς

192 292 333 333 voce
346 272 615 335 vulnero.
658 268 807 345 fuisti
816 272 986 349 igitur
999 268 1152 349 apud
1173 273 1408 331 Leccam

193 360 291 420 illa
304 364 499 438 noae,
518 357 755 419 Catilina
768 380 787 417 ι
820 354 1130 417 distribuisti
1145 368 1330 437 partes
1348 363 1408 417 1-

118 464 131 483 ‘
194 447 361 507 taliae
380 468 401 505 ε
434 443 661 505 statuisti
684 464 799 522 quo
832 463 1106 523 quemque
1137 439 1408 523 proficisci

192 532 461 612 placeret:
478 529 721 608 delegisti
744 549 888 609 quos
909 532 1118 589 Romae
1131 528 1408 608 relinque>

132 669 145 683 ,
192 638 305 694 rea,
322 638 479 698 quos
496 632 676 676 tecum
690 615 968 676 educeres:
983 612 1294 695 destripststi
1309 634 1404 673 ur·

192 706 281 765 bis
312 718 513 785 partes
540 702 609 761 ad
637 701 931 763 incendiaz
962 699 1320 777 confirmasti,
1349 715 1408 761 te

188 789 377 871 ipsum
394 790 517 867 jam
532 786 643 849 effe
658 790 936 849 exiturum
957 810 974 848 ε
997 786 1181 849 dixisti
1211 786 1407 868 paulu·

186 878 316 939 lum
328 878 439 937 tibi
452 872 559 936 effe
571 876 737 935 etiam
753 890 872 935 tum
887 894 1095 951 morae,
1120 874 1274 955 quod
1299 892 1407 953 ego

191 967 474 1025 viverem.
519 964 722 1041 reperti
746 961 878 1021 sunt
905 960 1018 1021 duo
1047 963 1261 1041 equites
1288 966 1408 1021 Ro·

190 1052 383 1125 mani,
404 1050 505 1128 qui
522 1063 575 1108 te
590 1046 687 1107 ista
710 1069 839 1109 cura
861 1049 1181 1123 liberarent,
1211 1062 1274 1105 et
1304 1044 1412 1107 sese

191 1136 294 1197 illa
322 1134 447 1217 ipsa
470 1138 635 1195 11er
660 1134 827 1214 paulo
855 1149 988 1195 ante
1015 1134 1198 1195 lucem
1227 1154 1318 1193 me
1348 1134 1412 1195 in

190 1244 329 1285 meo
344 1221 553 1283 leaulo
576 1220 962 1281 interfecturos
986 1221 1407 1301 pollicerentur.

193 1312 341 1370 haec
372 1329 483 1386 ego
512 1308 723 1381 omnia,
756 1309 857 1367 vix
893 1307 1026 1367 dum
1055 1309 1222 1367 etiam
1244 1321 1412 1366 coetu

195 1394 385 1457 vestro
406 1391 645 1468 dimiffn,
674 1396 950 1473 comperi:
981 1392 1212 1454 domum
1233 1412 1413 1453 meam

191 1482 513 1561 majoribus
547 1478 821 1557 praesidiis
854 1481 1094 1556 munivi,
1126 1496 1294 1559 atque
1321 1476 1414 1539 fir-

196 1568 381 1630 mavi:
399 1566 596 1627 exclufi
610 1587 729 1642 eos,
740 1587 886 1646 quos
902 1584 964 1625 tu
979 1587 1141 1627 mane
1153 1568 1222 1627 ad
1237 1586 1324 1627 me
1334 1562 1416 1627 sa·

196 1655 445 1715 lutamm
466 1651 705 1727 miseras,
735 1674 860 1713 cum
883 1654 966 1712 illi
988 1652 1084 1733 ipfi
1107 1652 1412 1725 venissent3

196 1760 353 1820 quos
366 1760 474 1817 ego
484 1740 603 1816 jam
619 1738 807 1799 multis
830 1761 894 1799 ac
917 1738 1142 1799 summis
1173 1741 1308 1801 viris
1342 1738 1413 1799 ad

158 1904 165 1909 .
198 1848 293 1887 me
312 1825 373 1887 id
395 1828 663 1905 temporis
689 1841 964 1886 venturos
994 1824 1099 1887 effe
1129 1826 1414 1905 praedixe-

154 1924 180 1967 5
202 1934 347 1975 ram.
454 1918 610 1987 Quae
632 1932 757 1971 cum
772 1913 851 1971 ita
865 1911 996 1989 fint,
1011 1910 1273 1987 Catilina,
1289 1931 1412 1993 per-

203 2020 275 2077 ge
296 2001 419 2078 qu&
436 1996 699 2079 coepisti3
734 1998 992 2076 egredere
1013 1997 1316 2079 aliquando
1343 2016 1417 2059 ex

203 2087 369 2157 urbe3
390 2099 583 2163 patent
600 2100 813 2164 portae}
840 2082 1198 2165 proficiscere.
1247 2084 1414 2144 nimi·

204 2190 307 2231 nm
330 2170 429 2231 diu
442 2185 497 2229 te
509 2172 899 2250 imperatorem
921 2172 1020 2231 ina
1032 2186 1126 2231 tua
1152 2170 1418 2231 Malliana

206 2255 382 2319 eastra
393 2254 717 2317 defiderant.
761 2256 900 2317 educ
919 2273 1100 2317 tecum
1112 2258 1277 2318 etiam
1295 2276 1417 2317 om·

204 2364 311 2403 nes
328 2358 487 2403 tuosa
506 2341 547 2403 fi
560 2346 775 2419 minue,
792 2364 960 2424 quam
975 2343 1268 2424 plurimos·
1287 2364 1420 2424 pur-

206 2450 283 2507 ga
323 2430 542 2489 urbem.
601 2449 810 2507 magno.
836 2450 925 2490 me
963 2445 1112 2489 metu
1143 2430 1422 2504 liberabis,

206 2514 523 2579 dummodo
546 2514 693 2577 inter
712 2536 800 2575 me
830 2531 998 2596 atque
1023 2532 1078 2577 te
1107 2534 1300 2577 murus
1328 2514 1419 2575 in-
