1709 3042
501 156 568 210 P.
613 152 978 213 sYLLA.
1237 172 1390 231 405-

156 268 252 310 cae
281 251 664 329 praecipitanti
703 250 967 310 subveni=
1004 252 1235 329 patriam
1258 252 1355 312 de·

157 334 386 395 mersam
411 337 622 395 extuli:
649 334 1015 395 misericordia
1029 339 1231 397 civium
1258 340 1355 397 ad·

158 422 388 497 dufiissu
395 443 465 480 nc
478 421 678 481 fuimus
691 439 800 482 tam
811 427 1161 482 vehementes
1167 442 1353 503 ,quam

158 507 366 567 necess'e
394 508 519 567 fuit.
577 508 715 567 salus
739 508 869 568 effet
899 513 1147 567 omnium
1172 510 1355 570 amiss‘a

160 615 273 653 una
296 599 481 668 nocte,
510 596 608 655 nisi
623 594 753 654 effet
767 594 1023 655 severitas
1039 597 1131 654 illa
1146 594 1354 676 suscep-

159 695 238 739 ta.
263 678 375 756 sed,
392 696 452 738 ut
471 682 537 741 ad
554 680 933 741 sceleratorum
950 702 1181 762 poenam
1202 702 1355 741 amo-

160 786 222 826 re
243 766 567 847 reipublicae
583 768 697 827 sum
715 768 997 843 adductus„
1031 768 1101 828 fic
1124 769 1191 827 ad
1216 768 1357 828 salu-

160 868 272 912 tem
297 856 679 913 innocentium
696 855 985 915 voluntate
1000 854 1358 915 deducet-mi·

159 938 237 998 hil
261 940 422 998 video
439 939 541 999 effe
556 943 612 999 in
630 944 739 999 hoc
759 948 822 1000 P.
839 941 1007 1018 Sylla,
1028 941 1268 1016 Judices,
1292 964 1358 1001 o-

159 1026 256 1085 dio
287 1027 543 1103 dignum,
580 1025 947 1086 misericordia
970 1027 1137 1103 digna
1158 1027 1352 1088 multa.

159 1132 345 1190 neque
365 1114 514 1171 enim
545 1132 693 1171 nunc
717 1111 1113 1192 propulsandae
1140 1114 1359 1174 calami-

166 1202 296 1258 tatis
315 1197 435 1258 suae
449 1198 604 1258 causa
626 1198 849 1279 supplex
866 1200 936 1259 ad
958 1220 1087 1275 vos,
1113 1200 1360 1276 JudiceS‚

161 1285 454 1362 confugit:
490 1285 575 1344 sed
607 1308 678 1345 ne
700 1307 808 1365 qua
829 1288 1018 1363 generi
1052 1308 1113 1345 ac
1142 1288 1360 1346 nomini

161 1372 262 1432 suo
286 1384 424 1431 no'ta
449 1372 686 1431 nefariae
713 1373 1069 1453 turpitudinis
1084 1374 1355 1433 inuratur.

163 1479 296 1519 nam
313 1456 422 1536 ipse
436 1458 680 1537 quidem,
698 1456 738 1517 fi
758 1461 863 1517 erit
879 1456 1275 1536 vestrojudicio
1291 1459 1359 1518 li-

112 1551 124 1563 ‘
163 1548 411 1617 beratus,
425 1564 564 1623 quae
580 1547 742 1604 habet
757 1560 1100 1618 ornamenta,
1117 1565 1256 1623 quae
1272 1544 1379 1607 so-‘

165 1630 299 1691 latia
317 1631 556 1708 reliquae
571 1635 740 1706 vitae,
751 1632 949 1710 quibus
966 1630 1150 1689 laet'ari
1166 1646 1221 1689 et
1234 1653 1359 1711 per-

165 1716 274 1776 frui
292 1718 476 1796 pellit?
503 1716 700 1776 domus
717 1722 842 1791 erit,
863 1716 1049 1790 credo,
1068 1734 1357 1778 exornata:

165 1806 484 1883 aperientur
503 1803 775 1880 majorum
806 1805 1097 1879 imaginest
1135 1802 1245 1883 ipse
1268 1826 1361 1864 or·

165 1906 362 1949 natum
387 1910 449 1947 ac
472 1888 720 1948 vestitum
740 1892 1102 1969 recuperabit.
1146 1894 1364 1967 omnia,

165 1975 413 2053 JudiceS,
447 1978 575 2034 haec
597 1976 780 2035 amissa
805 1975 959 2035 sunt:
993 1977 1361 2054 omnia-gene·

165 2063 269 2135 rie,
289 2063 556 2137 nominis,
583 2064 815 2122 honoris
837 2060 1069 2138 infignia
1090 2077 1254 2141 atque
1269 2083 1362 2122 or·

164 2148 806 2226 numentauniusjudicii
822 2148 1128 2206 calamitate
1144 2149 1363 2208 occide-

166 2248 325 2293 runt.
355 2232 440 2293 sed
456 2254 526 2293 ne
540 2237 820 2293 extinctor
832 2236 1061 2315 patriae,
1076 2254 1147 2290 ne
1170 2234 1361 2312 prodi-

165 2336 281 2395 tor,
307 2340 377 2378 ne
391 2320 556 2380 hostis
573 2320 893 2401 appelletur,
928 2340 999 2378 ne
1020 2322 1163 2377 hanc
1184 2320 1361 2381 labem

163 2408 313 2467 tanti
339 2410 556 2485 generis
581 2411 638 2466 in
656 2407 858 2466 familia
877 2405 1172 2485 relinquat,
1192 2406 1249 2465 id
1278 2406 1383 2466 la-'

158 2497 347 2566 horat,
373 2493 428 2553 id
459 2496 688 2566 metuit3
723 2512 794 2552 ne
823 2493 1061 2571 denique
1085 2494 1174 2568 hic
1203 2490 1362 2553 miser

153 2581 464 2659 conjurati,
488 2596 544 2640 et
563 2579 940 2658 conscelerati,
970 2592 1029 2641 et
1048 2577 1359 2663 'proditoris
