1709 3042
391 161 506 224 2‘68
671 162 1285 219 ORATIO‘PRO

387 258 799 336 opprimemini.
870 258 1089 336 quaeris
1120 276 1153 313 a
1180 275 1293 331 me,
1326 254 1464 335 quid
1492 271 1591 336 ego

390 343 689 403 Catilium
711 358 971 403 metuam.
1004 342 1177 400 nihil:
1203 356 1261 400 et
1282 343 1497 416 curavi,
1526 365 1593 405 ne

388 430 514 508 quis
532 444 819 489 metueret:
847 428 935 487 sed
952 431 1140 507 copias
1157 427 1333 501 illius,
1352 448 1493 508 quas
1508 432 1593 489 hic

385 514 576 589 vide-0,
597 516 726 575 dico
744 513 846 574 effe
864 513 1219 575 metuendas:
1250 535 1358 575 nec
1386 530 1502 573 tam
1525 517 1593 575 ti·

390 601 624 660 mendus
639 601 712 659 est
732 620 885 659 nunc
908 602 1183 659 exercitus
1206 606 1278 659 L.
1298 601 1596 675 Catilinae,

387 707 555 766 quam
571 687 677 763 isti,
695 691 790 765 qui
806 685 963 745 illum
979 688 1282 745 exercitum
1312 684 1599 749 deseruiss'e

381 772 666 833 dicuntur.
706 794 823 832 non
840 775 989 831 enim
1004 770 1363 831 deseruerunt
1380 794 1396 829 ε
1422 772 1518 832 sed
1532 776 1597 834 ab

383 858 484 919 illo
515 861 577 919 in
608 858 840 940 speculis
870 874 1035 937 atque
1066 856 1275 917 insidiis
1308 857 1515 933 relicii,
1538 862 1597 919 iu

382 948 588 1027 eapite,
611 959 778 1024 atque
806 947 869 1003 in
892 945 1199 1004 cervicibus
1220 943 1432 1003 nostris
1450 945 1597 1005 resti·

384 1046 595 1092 terunt.
679 1034 740 1089 hi
763 1046 828 1090 et
860 1033 1141 1109 integrum
1173 1028 1499 1109 consulem,
1544 1048 1598 1092 et

381 1119 596 1177 bonum
627 1120 1037 1199 imperatorem,
1069 1132 1128 1174 et
1150 1131 1376 1192 natura,
1405 1119 1595 1178 etfors

383 1218 545 1278 tuna,
577 1224 706 1263 cum
731 1202 1067 1282 reipublicae
1102 1200 1279 1261 salute
1313 1205 1597 1283 conjunc·

383 1308 532 1365 tum,
561 1290 724 1367 dejici
745 1288 816 1349 de
831 1290 985 1348 urbis
1000 1287 1291 1369 praefidiO,
1315 1305 1375 1348 et
1390 1290 1465 1351 de
1480 1290 1597 1351 cus-

381 1375 540 1436 todia
555 1376 824 1452 civitatiS,
837 1373 1035 1435 vestris
1059 1373 1348 1435 sententiis
1354 1419 1389 1450 ,.
1404 1376 1598 1437 detur-

378 1463 506 1523 bari
536 1461 762 1523 volunt.
803 1480 1046 1541 quorum
1070 1461 1487 1539 egoferrumet
1503 1483 1598 1523 au·

381 1547 594 1610 daciam
611 1550 777 1627 rejeci
791 1550 850 1607 in
868 1568 1091 1628 campe,
1112 1547 1405 1607 debilitavi
1430 1552 1495 1609 in
1508 1549 1599 1611 fo-

378 1649 472 1711 re,
487 1634 771 1716 compressi
782 1640 950 1693 etiam
965 1634 1287 1694 domi-meae
1302 1630 1489 1715 saepe,
1499 1644 1601 1714 Ju-

379 1718 553 1781 dices=
583 1723 672 1781 his
689 1740 794 1781 vos
811 1719 850 1779 fi
868 1720 1099 1779 alterum
1114 1717 1401 1779 consulem
1421 1722 1605 1782 tradi·

378 1805 600 1881 deritis,
625 1807 756 1887 plus
777 1806 957 1866 multo
973 1820 1139 1866 erunt
1152 1804 1349 1865 vestris
1364 1804 1599 1867 senten-

377 1892 496 1967 tiis,
527 1914 696 1973 quam
711 1892 817 1952 suis
834 1891 1031 1969 gladiis
1046 1890 1345 1953 consecuti.
1398 1896 1601 1973 magni

373 1978 622 2055 itterest,
655 1978 901 2055 judices,
921 1978 978 2036 id
1002 1978 1156 2057 quod
1172 1998 1275 2053 ego
1292 1976 1495 2039 multis
1512 2001 1599 2040 re·

375 2067 754 2145 pugnantibus
783 2066 875 2142 egi
898 2079 1065 2143 atq-ue
1094 2064 1323 2140 perfeci,
1356 2064 1475 2125 esse
1495 2068 1601 2126 ka·

373 2151 554 2213 lendis
588 2152 838 2229 Januarii
861 2152 923 2209 in
944 2150 1219 2231 republica
1241 2149 1357 2210 duo
1380 2152 1601 2213 consu-

373 2238 478 2299 les.
525 2236 995 2308 nolitearbitrari3
1016 2235 1392 2299 mediocribus
1410 2236 1599 2298 confi·-

373 2324 489 2397 uis,
511 2339 606 2382 aut
637 2322 1007 2401 ufitatis-viis,
1034 2336 1131 2383 aut
1158 2320 1277 2399 lege
1304 2322 1599 2403 improbe,

373 2424 470 2471 aut
507 2406 814 2486 perniciosa
843 2408 1162 2485 largitione,
1192 2407 1459 2469 auditum
1488 2408 1595 2469 ali-

374 2492 600 2574 quando
613 2493 842 2577 aliquod
855 2494 1067 2557 malum
1076 2492 1413 2577 reipublicae
1422 2514 1595 2577 quae-
