1709 3042
481 201 1067 261 C.RAB-1R10..
1266 223 1373 285 101

151 314 388 377 parum.
439 295 542 355 nifi
563 296 709 383 forte
733 298 801 358 de
825 297 965 359 locis
996 298 1288 379 religiosis,
1310 324 1375 363 ae

148 382 230 441 de
247 382 420 455 lucis,
459 403 603 461 quos
619 385 688 443 ab
703 388 811 457 hoc
828 382 1067 445 violatos
1084 384 1186 445 effe
1209 386 1377 447 dixis-

148 467 489 547 ti‚p1uribus
503 470 684 529 verbis
704 471 800 529 tibi
817 467 1255 549 respondendum
1273 496 1375 552 pu-

149 566 272 614 tas,
304 574 424 638 quq
441 556 500 613 in
517 557 746 614 crimine
761 556 901 614 nihil
921 555 995 615 est
1011 579 1254 637 unquam
1271 562 1370 618 abs

147 652 214 697 te
229 637 468 714 distum,
491 638 592 698 nifi
607 661 639 700 a
663 646 734 700 C.
761 647 955 701 Macro
977 644 1250 721 objeEtum
1268 644 1373 703 esse

146 726 376 787 crimen
392 725 452 784 id
470 731 537 785 C.
575 728 820 787 Rabirio,
870 728 929 786 in
947 748 1064 808 quo
1080 750 1183 809 ego
1199 730 1373 791 demi'·

145 830 278 885 ror,
305 808 607 870 meminisse
624 828 700 885 te,
727 811 863 891 quid
887 814 1152 892 objecerit
1170 822 1244 875 C.
1260 822 1375 877 Ra-

143 896 306 977 birio
327 903 518 957 Macer
532 898 784 968 inimicus
803 920 821 971 ;
841 899 1075 960 oblitum
1092 900 1212 976 esst,
1235 900 1373 983 quid

92 1000 120 1051 3
144 984 326 1061 aequi
339 982 1135 1063 etjuratijudicesjudicarint.
1191 996 1283 1047 An
1301 989 1371 1049 de

143 1068 420 1147 peculatu
434 1066 602 1143 facto,
627 1090 696 1127 an
715 1068 782 1129 de
814 1071 1083 1133 tabulario
1116 1073 1367 1149 incense,
1390 1134 1393 1139 .

142 1152 332 1233 longa
347 1156 530 1214 oratio
545 1152 619 1213 est
635 1156 1017 1236 exprimenda?
1052 1178 1165 1236 quo
1183 1162 1241 1218 in
1253 1164 1368 1219 cri·

143 1240 310 1299 mine
323 1242 674 1319 propinquus
702 1246 769 1299 C.
799 1242 1233 1321 Rabiriijudicio
1251 1246 1365 1307 cla-

144 1324 363 1387 riffimo
381 1330 451 1383 C.
479 1327 703 1385 Curtius
721 1346 824 1407 pro
841 1329 1047 1387 virtute
1063 1328 1157 1390 sua
1172 1330 1244 1390 est
1260 1335 1366 1391 ho·

143 1408 442 1470 nestissime
473 1410 732 1471 liberatus
753 1433 770 1471 ε
814 1412 926 1492 ipse
946 1435 1081 1474 vero
1116 1419 1368 1477 Rabirius

143 1516 276 1557 non
295 1495 468 1555 modo
479 1497 536 1555 in
547 1496 819 1575 judicium
835 1502 1033 1559 horum
1046 1504 1363 1580 criminum,

143 1580 244 1641 sed
271 1602 348 1662 ue
373 1582 432 1640 in
457 1582 813 1643 tenuiffimam
845 1584 1067 1664 quidem
1105 1586 1364 1669 suspicia-

145 1688 284 1727 nem
307 1670 482 1727 verbo
513 1665 588 1726 est
615 1688 860 1747 unquam
890 1688 1144 1734 vocatus.
1192 1695 1263 1733 an
1295 1677 1365 1736 de

143 1750 362 1813 sororis
410 1750 528 1813 filio
569 1753 886 1831 diligentius
925 1756 1365 1835 respondendum

141 1836 427 1917 est3quem
445 1839 512 1897 ab
529 1841 636 1898 hoc
653 1843 1022 1905 necatumeffe
1032 1845 1363 1921 dixisti,cum

142 1924 216 1985 ad
227 1923 430 2001 judicii
445 1944 659 1983 moram
676 1924 1181 1991 familiaris-funeris
1194 1955 1364 1995 excuv

143 2007 291 2069 satio
309 2026 687 2087 quaet-eretum
722 2013 854 2090 quid
869 2018 1018 2075 enim
1038 2014 1109 2076 est
1131 2034 1245 2079 tam
1260 2040 1359 2079 ve·

143 2092 392 2169 rifimile,
410 2115 576 2174 quam
593 2099 858 2157 cariorem
877 2102 1001 2161 huic
1018 2101 1223 2163 sororis
1241 2127 1358 2165 ma·

145 2178 514 2259 rit'um‚quam
524 2180 727 2241 sororis
741 2182 910 2245 filium
923 2186 1072 2247 fuisse
1082 2190 1271 2269 ?atque
1283 2194 1360 2253 ita

145 2267 445 2338 cariorem,
468 2282 530 2325 ut
554 2266 690 2325 alter
726 2271 842 2329 vita
871 2274 1219 2335 crudeliffime
1243 2280 1356 2358 pri·

143 2364 398 2422 var-etur,
423 2372 545 2410 cum
563 2352 714 2412 alteri
734 2355 804 2413 ad
819 2356 1186 2435 prolatffonem
1204 2363 1361 2439 judi-

146 2436 220 2495 cii
235 2435 470 2495 biduum
491 2442 875 2517 quaereretur?
906 2464 976 2502 an
993 2444 1060 2503 de
1074 2444 1241 2506 servis
1258 2448 1358 2507 als·

145 2523 274 2607 epis
309 2537 504 2583 contra
533 2521 707 2601 legem
733 2528 956 2587 Fabiam
987 2534 1235 2609 retentis,
1261 2526 1367 2593 asum

353 2624 360 2631 .
701 2614 747 2668 E
798 2629 828 2688 3
