1709 3042
387 176 498 259 358
694 176 1055 237 oRA‘rxo
1090 174 1261 231 PRo

383 294 518 339 utor
531 280 634 338 hac
654 296 796 337 voce
812 275 885 336 ad
907 278 1057 335 hunc
1074 267 1509 347 defendendum
1532 268 1603 331 ad

383 363 740 445 purgandum
773 383 865 423 me
894 363 1085 442 potius
1114 373 1283 418 utorz
1319 372 1385 417 ut
1416 358 1609 417 mirari

386 458 718 530 Torquatus
735 448 945 510 definat
953 488 971 521 ,
982 466 1091 522 me,
1102 447 1200 525 qui
1212 446 1501 504 Autronio
1514 445 1611 503 ab·

388 537 590 599 fuerim
606 580 625 613 ‚
669 536 881 615 Syllam
912 534 1227 593 'defenderet
1286 550 1433 610 quae
1464 532 1615 590 enim

389 626 656 685 Autronii
673 623 778 681 fuit
795 620 995 683 causa?
1028 638 1171 699 quae
1186 617 1367 697 Syllae
1386 615 1493 677 est?
1520 616 1617 676 ille

386 712 631 771 ‘ambitus
657 709 925 787 judiciun‘:
962 706 1183 777 tollere,
1212 725 1277 763 ac
1307 700 1615 773 disturbare

390 797 629 875 primum
647 796 897 855 conflato
914 792 1100 853 voluit
1121 790 1531 868 gladiatorum,
1554 810 1616 849 ac

387 882 754 961 fugitivorum
787 878 1029 939 tumultu
1052 900 1070 937 ε
1111 875 1335 951 deinde,
1366 875 1429 935 id
1460 876 1614 955 quod

388 968 632 1031 vidimus
651 987 875 1039 omnes,
904 964 1270 1045 lapidatione,
1288 977 1459 1042 atque
1476 982 1613 1021 con-

385 1053 545 1117 curss:
555 1098 572 1115 .
621 1053 794 1133 sylla,
811 1050 850 1111 fi
864 1052 961 1113 fibi
978 1049 1109 1109 fixus
1123 1047 1329 1129 pudor,
1344 1046 1614 1126 ac'digni·

388 1156 476 1205 tas
505 1160 625 1203 non
649 1138 945 1221 prodesset,
978 1136 1197 1195 nullum
1228 1134 1509 1195 auxilium
1534 1156 1613 1194 re·

391 1226 636 1309 quifivit.
699 1226 796 1285 ille
833 1226 1127 1284 damnatus
1156 1223 1235 1281 ita
1272 1220 1325 1281 se
1357 1224 1613 1299 gerebat,

392 1336 515 1375 non
549 1312 723 1373 solum
752 1309 999 1373 'consiliis
1033 1323 1090 1367 et
1119 1305 1497 1383 sermonibus,
1524 1328 1613 1369 ve·

393 1420 518 1461 rum
541 1400 706 1459 etiam
721 1396 935 1477 aspectu
952 1402 1121 1475 atque
1132 1394 1317 1469 vultu,
1336 1410 1410 1453 ut
1430 1392 1614 1455 inimiss

393 1508 496 1549 cus
527 1484 628 1545 effe
663 1482 1001 1564 amplissimis
1036 1480 1353 1555 ordinibus,
1384 1480 1617 1542 infestus

393 1575 561 1635 bonis
581 1572 872 1645 omnibus,
896 1567 1067 1629 hostis
1083 1568 1295 1649 patriae
1306 1564 1613 1628 videretur.

391 1660 485 1723 hic
504 1658 554 1719 se
571 1661 652 1718 ita
667 1658 901 1717 fractum
919 1654 1013 1715 illa
1028 1653 1337 1715 calamitate
1355 1668 1535 1733 atque
1550 1653 1619 1713 af-

398 1746 608 1805 flictum
638 1745 883 1827 putavit,
906 1757 971 1801 ut
999 1740 1141 1801 nihil
1161 1738 1258 1798 fibi
1280 1758 1356 1798 ex
1388 1740 1620 1819 pristina

397 1832 670 1910 dignitate
684 1827 947 1910 supet-effe
963 1824 1452 1901 atbitra'retur,nifi
1464 1824 1621 1906 quod

397 1917 656 1979 modestia
674 1914 998 1976 retinuisset.
1046 1918 1149 1973 hac
1172 1932 1308 1973 vero
1331 1916 1393 1970 in
1412 1915 1620 1992 conju·

400 2007 642 2077 ratione,
658 2002 798 2081 >quid
815 2018 928 2061 tam
950 2000 1338 2077 conjunctum,
1356 2018 1541 2078 quam
1558 1998 1623 2058 il·

395 2088 452 2150 le
469 2112 594 2150 cum
613 2088 880 2161 Catilina,
896 2108 1019 2145 cum
1038 2084 1312 2144 Lentulo?
1329 2084 1485 2165 quae
1502 2102 1622 2145 tan-

399 2192 460 2236 ta
492 2177 721 2236 societas
754 2174 881 2255 ullis
904 2176 1051 2232 inter
1079 2170 1131 2229 se
1160 2190 1338 2229 rerum
1371 2174 1623 2252 optima.

401 2284 548 2335 rum,
573 2276 784 2341 quanta
799 2264 850 2318 ei
874 2258 1153 2330 cumillis,
1174 2255 1414 2333 sceleris,
1434 2257 1625 2319 libidi-

400 2352 516 2423 niS,
543 2349 800 2407 audaciae
823 2348 842 2405 ἓ
872 2346 1024 2425 quod
1043 2344 1310 2421 flagitium
1335 2346 1625 2405 Lentulus
1667 2346 1668 2390 3

400 2456 520 2495 non
551 2454 678 2494 cum
701 2440 875 2491 Autrc
890 2438 983 2488 11³0
1010 2430 1300 2509 concepit?
1330 2431 1501 2509 quod
1515 2430 1631 2490 fine

395 2518 595 2581 eodem
605 2519 706 2580 illo
725 2518 970 2581 Catilina
986 2517 1201 2578 facinus
1218 2515 1471 2578 admifit?
1482 2516 1633 2590 'cum
