1709 3042
499 168 567 223 L.
614 167 1059 224 FLAcco.
1146 118 1155 131 ’
1253 181 1371 237 297

173 259 302 321 Asta
317 262 883 339 remigesximperabat,
910 280 1013 319 nos
1039 262 1130 317 hic
1152 260 1211 317 in
1250 280 1368 319 ma·

175 366 238 405 re
260 345 534 424 superum,
553 361 612 404 et
631 346 869 405 inferum
898 344 1187 404 sestertifim
1204 360 1289 403 ter
1310 359 1369 403 et

177 430 504 510 quadragies
533 434 857 509 rogabamus
882 432 903 489 ?
930 429 1062 508 quid
1093 429 1371 508 postremo

171 517 374 575 anno?
405 536 598 575 nonne
631 520 736 577 Μ’.
755 518 931 575 Curio
960 530 1015 574 et
1046 524 1107 575 P.
1141 516 1371 575 Sextilio

172 600 574 683 quaestoribuS,
597 603 827 680 pecunia
843 604 905 661 in
924 599 1135 661 classem
1150 600 1223 661 est
1240 618 1369 661 ero·

171 688 349 765 gata?
375 686 509 765 quid
531 689 552 746 ἒ
577 690 686 747 hoc
713 688 871 745 omni
894 702 1139 765 tempore
1152 689 1368 765 equites

177 775 241 832 in
257 792 360 831 ora
371 773 642 831 maritima
653 793 768 831 non
781 772 1123 831 fueruntffla
1132 772 1207 833 est
1218 774 1370 833 enim

173 859 356 937 gloria
375 856 569 916 divina
585 860 829 936 Pompeii
845 878 861 915 ε
888 860 1121 935 primum
1137 858 1370 937 praedo·

174 964 278 1005 nes
293 963 412 1015 eoa,
424 945 528 1021 'qui
545 959 683 1016 tum,
707 964 836 1002 cum
851 942 929 1001 illi
944 942 1145 1002 bellum
1161 945 1371 1002 mariti-

173 1050 328 1089 mum
349 1027 649 1105 gerendum
664 1029 852 1087 datum
869 1027 963 1101 est,
989 1042 1115 1086 toto
1131 1029 1268 1087 mari
1283 1028 1370 1087 di-

179 1112 340 1194 sperfi
368 1115 732 1190 vagabantur,
763 1113 1007 1173 redastos
1043 1111 1146 1173 effe
1172 1133 1373 1173 omnes

173 1202 240 1259 in
271 1198 615 1279 potestatam
649 1198 844 1258 deinde
874 1201 1079 1277 Syriam
1105 1197 1211 1259 effe
1239 1197 1381 1260 nos*

175 1302 344 1357 tram,
371 1284 614 1343 Ciliciam
639 1287 836 1357 teneri,
863 1290 1107 1364 Cyprum
1124 1304 1223 1363 per
1236 1292 1379 1347 Pto,

177 1371 446 1430 lemaeum
463 1390 641 1446 regem
666 1369 805 1429 nihil
827 1369 1023 1429 audere
1043 1392 1059 1429 ε
1094 1386 1373 1449 praeterea

181 1462 406 1516 Cretam
429 1455 642 1515 Metelli
658 1458 863 1515 virtute
882 1453 982 1515 effi=
997 1455 1255 1515 nostram:
1282 1459 1372 1515 ni·

177 1541 260 1601 hil
287 1539 411 1616 effe,
433 1540 582 1601 unde
611 1539 1049 1620 proficiscantur,
1084 1541 1223 1601 nihil
1252 1543 1373 1619 quc}

179 1640 548 1687 revertantur}
571 1647 766 1686 omnes
779 1624 950 1700 finus»,
968 1627 1376 1704 promontoria,

178 1712 369 1783 litora,
383 1710 584 1771 insulas
593 1754 610 1785 ,
621 1714 782 1771 urbes
799 1714 1096 1771 maritimas
1102 1753 1120 1785 ,
1132 1710 1375 1773 claustris

177 1798 398 1875 imperii
417 1796 586 1856 nostri
601 1799 900 1857 contineri.
945 1797 1097 1876 quod
1110 1796 1153 1857 fi
1172 1797 1375 1859 Flacco

176 1898 454 1964 praetore,
481 1903 650 1943 nemo
679 1885 741 1941 in
765 1885 903 1941 mari
932 1882 1136 1963 praedo
1166 1882 1370 1958 fuisset,

179 1984 366 2028 tamen
397 1969 562 2046 hujus
603 1968 889 2046 diligentia
926 1969 1374 2048 reprehendenda

181 2074 304 2115 non
323 2050 472 2114 esset.
519 2054 730 2114 idcirco
759 2056 932 2128 enim,
950 2055 1103 2134 quod
1126 2058 1218 2115 hic
1240 2055 1377 2115 clas-

181 2139 304 2201 sem.
322 2139 582 2199 habuissbt
595 2184 618 2215 ,
647 2138 1006 2200 existimarem
1045 2161 1163 2199 non
1198 2138 1370 2201 fuiss'e.

181 2224 318 2305 qnid
340 2223 382 2284 fi
407 2232 474 2285 L.
501 2229 689 2305 oppii,
715 2232 784 2285 L.
817 2228 997 2302 Agrii,
1016 2232 1084 2285 C.
1112 2224 1299 2300 cestii,
1328 2246 1383 2285 e·

181 2314 402 2389 quitum
419 2314 822 2384 Romanorum,
837 2311 1001 2388 hujus
1016 2312 1181 2370 etiam
1197 2309 1381 2371 clarifi-

183 2396 298 2456 fimi
321 2399 452 2469 viri,
483 2404 592 2457 Cn.
614 2398 871 2469 Domitii,
896 2400 991 2473 qui
1023 2398 1083 2455 in
1118 2394 1239 2455 Afia
1262 2411 1381 2456 tum

173 2483 396 2564 legatus
423 2481 554 2563 fuit,
588 2482 903 2543 testimonio
934 2482 1135 2559 decen,
1168 2503 1235 2543 eo
1264 2480 1405 2569 ips&
