1709 3042
542 193 1113 250 L.MUREN·A.
1308 208 1417 266 213

209 294 352 348 -Ser-
369 285 608 368 Sulpicio
624 310 742 348 non
757 288 969 348 idcirco
984 291 1267 363 obruetur,
1280 287 1435 367 quod

228 377 306 434 ab
327 373 524 434 eodem
544 377 604 433 in
640 377 872 434 honoris
894 376 1261 435 con-tentione
1282 373 1437 454 supe·

232 475 356 520 tata
369 459 462 519 est.
509 459 701 538 quaefi
725 459 880 520 causa
912 481 1033 520 non
1063 459 1211 533 esset,
1246 475 1433 520 tamen

233 547 324 606 vel
349 546 590 624 dignitas
615 549 883 623 hominis,
906 546 995 606 vel
1026 548 1259 606 honoris
1282 549 1429 624 ejus,

233 653 401 712 quem
425 631 654 713 adeptus
685 631 780 704 est,
815 633 1143 713 amplitude,
1172 631 1433 694 summam

228 721 372 778 mihi
391 717 666 796 superbiae
679 718 1116 798 crudelitatisque
1130 719 1333 778 famam
1350 722 1435 778 in-

233 801 448 879 ussiffet,
475 803 794 877 fihominis,
818 821 873 864 et
898 803 1005 864 suis
1028 821 1083 863 et
1108 805 1298 884 populi
1318 809 1433 864 Ro·

227 893 388 952 mani
397 892 742 949 ornamentis
759 889 1293 970 amplissimi,causam
1310 907 1435 950 tan-

233 978 280 1034 ti
298 977 526 1056 periculi
543 975 915 1056 repudiaffem.
962 995 1143 1054 neque
1156 978 1433 1054 enimjam

233 1064 372 1122 mihi
393 1062 546 1137 licet,
567 1081 746 1142 neque
757 1061 830 1122 est
845 1065 1147 1139 integrum,
1169 1079 1230 1120 ut
1252 1083 1434 1123 meum

228 1147 478 1207 laborem
501 1150 789 1208 hominum
809 1149 1065 1228 periculis
1090 1147 1431 1209 sublevandis

231 1252 358 1293 non
374 1237 702 1314 impertiam.
750 1255 878 1294 nam
900 1255 1025 1294 cum
1050 1236 1283 1314 praemia
1297 1237 1432 1294 mihi

221 1335 395 1380 -tanta
411 1340 516 1400 pro
532 1323 632 1380 hac
647 1319 909 1382 industria
924 1321 1031 1380 fint
1042 1320 1191 1395 data,
1222 1337 1431 1400 quanta

226 1421 399 1465 antea
419 1408 628 1466 nemini
651 1429 667 1464 ε
697 1407 937 1482 labores,
968 1427 1064 1488 per
1094 1423 1237 1484 quos
1262 1427 1324 1465 ea
1342 1427 1429 1465 ce-

231 1494 404 1570 peris,
429 1513 554 1552 cum
583 1492 812 1572 adeptus
841 1491 933 1566 fis,
973 1492 1269 1572 deponere,
1304 1489 1432 1550 esset

230 1579 478 1636 hominis
493 1593 550 1636 et
573 1577 751 1652 astuti,
781 1594 836 1637 et
858 1581 1083 1656 ingrati.
1130 1577 1283 1655 quod
1300 1576 1339 1636 fi
1360 1577 1427 1635 li-

229 1679 324 1722 cet
337 1661 597 1739 definere,
619 1663 659 1724 fi
676 1679 730 1723 te
751 1669 973 1724 audiere
995 1663 1228 1742 possum,
1252 1662 1289 1722 fi
1306 1663 1431 1722 nul·

227 1749 290 1810 la
332 1750 588 1822 inertiae,
627 1749 778 1809 nulla
808 1749 1083 1830 supetbiae
1120 1749 1431 1829 turpitudo,

227 1835 386 1896 nulla
405 1837 824 1896 inhumanitatis
847 1837 1006 1917 culpa
1030 1834 1347 1915 suscipiturz
1374 1857 1431 1896 e-

229 1941 312 1998 go
327 1941 464 1982 vero
477 1921 712 1985 libenter
728 1921 939 1982 defino.
984 1921 1061 1981 fin
1080 1937 1285 1996 autem,
1302 1922 1436 2000 fuga,

229 2008 444 2068 laboris
473 2006 760 2083 defidiam,
791 2008 1099 2088 repudiatio
1130 2007 1433 2087 supplicum

229 2092 558 2176 superbiam,
569 2098 868 2155 amicorum
885 2095 1151 2170 neglectio
1166 2095 1430 2174 improbi·

231 2195 404 2240 tatem
435 2183 722 2258 coarguit.
754 2183 1013 2240 nimirum
1037 2183 1169 2238 haec
1185 2177 1341 2238 causa
1356 2177 1431 2239 est

228 2263 696 2346 ejusmodi,qnam
713 2287 814 2326 nec
827 2264 1145 2337 industriuS,
1159 2285 1260 2324 nec
1275 2264 1431 2324 mise

221 2355 432 2426 ticors,
449 2375 554 2414 nec
571 2351 844 2414 officiosus
863 2351 1103 2412 deserere
1119 2351 1299 2430 poffit.
1348 2367 1431 2410 at-

229 2457 344 2517 que
357 2437 578 2516 hujusce
600 2441 676 2498 rei
699 2439 1071 2516 conjeeiuram
1094 2437 1161 2496 de
1188 2452 1291 2495 tuo
1308 2436 1431 2517 ipfi-

220 2543 300 2589 os
321 2523 522 2603 studia,
544 2527 717 2612 Servi,
745 2524 1002 2587 facillime
1023 2524 1253 2604 ceperis.
1302 2540 1432 2586 nam
