1709 3042
307 206 424 283 236
617 204 989 263 olen-10
1024 200 1199 263 PRo

303 322 430 363 non
444 298 556 383 ipse
567 299 776 363 feeerit.
781 299 1523 402 nihii-estinocvtiusvulgo,

307 388 452 449 nihil
473 386 754 448 obscurius
763 387 1067 449 voluntate
1080 390 1400 464 hominum,
1424 390 1523 447 ni-

299 472 388 533 hil
423 473 672 533 fallacius
707 476 927 533 ratione
960 488 1081 533 tota
1125 476 1517 535 comitiorum.

307 560 438 639 quis
454 566 524 619 L.
543 558 855 640 Philippum
871 557 1116 621 summo
1099 562 1356 637 ingenio,
1378 580 1519 639 ope-

305 664 390 719 ra,
408 647 603 723 gratia,
619 644 935 720 nobilitate,
956 664 989 703 a
1006 650 1091 705 M.
1110 643 1519 705 Herennio-su·

309 732 492 809 perari
505 728 652 811 posse
669 732 970 791 arbitratus
984 728 1087 789 est?
1102 732 1228 811 quis
1248 738 1325 807 Q,
1342 737 1519 791 Catu·

177 871 192 886 ,
309 814 454 892 lum,
489 818 854 891 humanitate,
882 812 1167 895 sapientia,
1194 818 1521 895 integritate

297 902 750 977 antecellentem,
777 923 812 961 a
841 908 955 964 Cn.
976 902 1236 963 Manlio?
1262 904 1393 983 quis
1425 908 1515 963 M.

309 995 597 1063 Scaurum,
617 988 913 1048 hominem-
925 988 1317 1067 graviffimum,
1334 990 1519 1049 civem

301 1076 614 1155 egregium,
641 1072 986 1135 fortiffimum
1015 1072 1349 1148 senatorem,
1374 1096 1407 1133 a
1438 1082 1516 1151 Q.

315 1161 600 1223 Maximo?
635 1181 752 1219 non
770 1158 943 1220 modo
958 1162 1155 1221 horum
1172 1159 1314 1219 nihil
1336 1161 1417 1219 ita
1428 1159 1519 1220 fo·

315 1267 377 1306 re
397 1260 649 1324 putatum
677 1244 772 1318 est,
801 1243 895 1305 sed
922 1266 994 1304 ne
1022 1266 1147 1305 cum
1168 1243 1299 1305 effet
1312 1244 1521 1305 saelum

315 1332 566 1411 quidem,
587 1351 754 1411 quare
779 1333 861 1390 ita
878 1330 1079 1391 facium
1097 1328 1252 1406 esset,
1280 1331 1521 1409 intelligi

281 1444 293 1455 -
316 1418 521 1497 potuit.
569 1438 700 1477 nam
731 1431 794 1483 ut
817 1414 1155 1497 tempestates
1178 1416 1331 1497 saepe
1360 1434 1518 1499 certo

317 1504 509 1583 aliquo
536 1502 677 1563 coeli
705 1500 863 1581 figno
892 1518 1341 1578 commoventur,
1362 1502 1519 1585 saepe

315 1587 622 1669 improviso
638 1588 789 1649 nulla
801 1608 876 1649 ex
888 1604 1037 1649 certa
1050 1591 1289 1663 ratione,
1318 1588 1519 1651 obscu-

307 1695 384 1741 ,τι
397 1676 582 1754 aliqua
595 1694 666 1735 ex
681 1674 842 1735 causa
855 1676 1172 1737 excitantur
1190 1698 1206 1733 ε
1236 1672 1309 1733 fic
1336 1677 1403 1735 in
1416 1678 1521 1735 hac

319 1763 674 1824 comitiorum
704 1759 1033 1840 tempestate
1046 1757 1331 1841 populari,
1368 1758 1523 1840 saepe

319 1846 621 1923 intelligaS,
643 1867 758 1926 quo
775 1846 933 1925 figno
954 1861 1233 1907 commota
1247 1844 1335 1917 fit3
1364 1844 1525 1926 saepe

323 1934 402 1993 ita
417 1932 643 1993 obscura
657 1932 754 2007 est,
777 1948 838 1991 ut
853 1929 977 1993 casu
992 1934 1231 1991 excitata
1244 1930 1347 1991 effe
1359 1932 1519 1993 vide·

323 2033 478 2079 atur.
556 2019 660 2078 Sed
675 2034 884 2095 tamen,
906 2017 945 2077 fi
958 2016 1033 2077 est
1056 2017 1329 2077 reddenda
1342 2022 1522 2092 ratio;

323 2104 462 2165 duae
477 2126 564 2165 res
579 2108 935 2165 vehementer
946 2105 1017 2163 in
1036 2118 1289 2183 praetura
1317 2102 1521 2165 defide-

327 2208 476 2251 ratae
497 2190 645 2266 sunt,
659 2212 799 2270 quae
815 2192 1000 2249 ambae
1014 2189 1083 2249 in·
1094 2188 1383 2249 consulatu
1400 2206 1521 2251 tum

329 2284 597 2337 Murenae
625 2276 991 2358 profuerunt:
1038 2296 1182 2348 una,
1214 2278 1521 2355 expefiatio

325 2364 595 2437 muneris,
627 2382 768 2441 quae
795 2376 854 2421 et
881 2380 1101 2421 rumore
1130 2359 1435 2435 nonnullo,
1466 2378 1523 2424 et

327 2447 516 2507 studiis
585 2445 1034 2525 sermonibusque
1092 2448 1520 2527 competitorum

325 2545 600 2591 creveratt
611 2530 801 2608 altera,
815 2532 973 2612 quod
986 2533 1277 2610 ii,quos·in
1293 2535 1519 2612 provin·

1548 2003 1593 2046 18
