1709 3042
434 138 989 194 L.1⁴'LACCO.
1196 134 1307 208 289

93 257 214 299 cus
229 232 376 316 apud
389 239 634 292 Graecos
651 253 769 292 non
785 232 852 292 de
872 231 1033 312 culpa
1047 228 1139 290 sua
1146 229 1311 306 dixit,

95 323 206 384 sed
235 321 308 382 de
340 339 524 400 poena
553 317 770 396 questus
800 318 897 377 est.
944 331 1317 396 porrexerunt

97 428 341 469 manus:
368 401 662 484 psephisma
687 419 879 475 natum
894 402 989 464 est.
1036 406 1144 462 hoc
1166 400 1312 462 testi-

99 495 376 554 monium
403 489 519 549 est?
547 511 722 569 nuper
744 489 970 569 epulati,
990 489 1155 568 paulo
1186 507 1317 548 ante

103 582 274 638 omni
285 577 584 654 largitione
592 574 812 634 saturati
823 577 1139 652 Pergameni
1142 573 1319 654 ,quod

109 661 476 726 Mithridates
479 664 597 739 ,qui
611 661 1019 720 multitudinem
1036 660 1185 721 illam
1198 682 1318 720 non

111 751 470 820 auetoritate,
505 745 596 806 sed
619 745 802 824 sagina
835 749 1075 820 tenebat,
1104 747 1157 806 se
1179 747 1320 807 velle

113 835 296 909 dixit,
328 834 384 892 id
415 833 648 907 sutores»,
677 849 732 892 et
764 835 979 892 zonarii
1006 834 1321 893 conclama·

117 938 282 981 runt.
330 923 438 978 hoc
455 918 822 978 testimonium
836 919 909 977 est
924 921 1192 979 civitatis?
1216 940 1323 996 ego

117 1005 284 1066 testes
303 1027 336 1064 a
349 1005 530 1064 sicilia
544 1005 756 1084 publice
770 1006 927 1064 duxi.
958 1013 1147 1064 verum
1166 1020 1324 1064 erant

119 1112 190 1150 ea
207 1091 518 1152 testimonia
541 1111 658 1148 non
683 1093 989 1150 concitatae
1008 1093 1325 1166 concionis,

127 1177 224 1236 sed
257 1178 432 1253 jurati
463 1174 702 1234 senatus.
759 1195 929 1253 quare
952 1177 1069 1254 jam
1102 1197 1219 1236 non
1252 1177 1340 1238 est·

125 1265 274 1324 mihi
295 1263 586 1322 contentio
607 1283 732 1320 cum
758 1261 923 1321 teste:
946 1265 1109 1322 vobis
1130 1263 1327 1324 viden·

127 1348 267 1408 dum
285 1347 383 1421 est,
399 1347 574 1406 fintne
589 1350 722 1406 haec
741 1348 1046 1408 testimonia
1062 1349 1325 1428 putanda.

79 1442 110 1483 8
129 1432 476 1494 Adolescens
501 1435 704 1507 bonus,
733 1433 959 1493 honesto
989 1435 1118 1494 loco
1144 1451 1329 1510 natus»,

129 1518 391 1594 disertus,
435 1540 559 1578 cum
601 1522 848 1579 maximo
884 1521 1331 1600 ornatissimoque

130 1608 410 1666 comitatu
425 1607 581 1664 venit
603 1607 664 1664 in
679 1606 941 1684 oppidum
960 1614 1327 1668 Graecorum:

137 1690 382 1771 postulat
399 1693 746 1750 concionem:
761 1691 1062 1771 locupletes
1078 1696 1333 1754 homines

132 1791 196 1835 et
210 1797 434 1854 graves,
451 1797 522 1834 ne
534 1775 628 1836 fibi
647 1775 1022 1854 adversentur,
1040 1778 1335 1840 testimonii

135 1862 568 1946 denuntiatione
581 1863 818 1924 deterret
829 1886 848 1922 ε
880 1880 1103 1940 egentes
1118 1882 1173 1923 et
1189 1867 1334 1926 leves

141 1946 238 2027 spe
251 1947 546 2025 legationis
567 1965 624 2006 et
637 1951 840 2008 viatico
855 1950 1097 2026 publico,
1126 1954 1338 2030 privata

141 2036 314 2093 etiam
332 2035 691 2110 benignitate,
709 2037 992 2118 proleetat.
1040 2037 1265 2114 opifices
1282 2055 1339 2098 et

143 2121 518 2192 tabernarios,
547 2137 710 2200 atque
731 2121 880 2180 illam
896 2141 1113 2180 omnem
1137 2121 1339 2182 faecem

139 2206 456 2278 civitatum,
477 2207 612 2282 quid
627 2206 700 2264 est
725 2209 933 2282 negotii
948 2207 1247 2279 concitare,
1278 2211 1339 2268 in

141 2311 272 2351 eum
303 2291 638 2370 praesertim,
671 2295 766 2369 qui
791 2311 967 2370 nuper
987 2289 1193 2350 summo
1216 2313 1343 2353 cum
1382 2289 1389 2304 '

146 2379 382 2456 imperio
411 2377 596 2444 fuerit,
633 2375 842 2436 summo
864 2393 1045 2436 autem
1068 2379 1127 2437 in
1158 2397 1344 2438 amore

147 2461 276 2541 effe,
303 2477 532 2543 propter
548 2482 754 2522 nomen
774 2462 945 2541 ipsum
960 2465 1191 2545 imperii,
1222 2486 1343 2527 non
