1709 3042
1011 0 1016 3 .
1029 0 1124 6 ..ᾐν-
1135 0 1224 4 -.-ῄ-
1239 0 1248 2 -
1269 0 1709 12 ψή-ψ-ἠ-Ὗή,-ἠ,-

381 190 480 245 IN
515 188 1168 247 L.CATIL1NAM·
1312 205 1419 266 ¹53

203 286 432 349 hercule
463 291 572 347 hoc
615 288 768 366 quod
801 290 934 365 agit,
977 306 1260 367 nunquam
1285 302 1416 346 ante

204 372 516 451 cogitass'et,
537 389 719 433 tamen
743 374 1163 433 latrocinantem
1178 370 1227 431 se
1243 376 1416 433 inter-

207 459 308 520 fici
331 460 535 534 mallet,
565 478 732 539 quam
755 459 971 518 exulem
996 461 1202 518 vivere.
1262 480 1417 519 nunc

201 566 374 619 vern,
395 566 520 605 cum
545 548 597 604 ei
623 545 761 605 nihil
797 544 973 603 adhuc
1004 560 1217 624 praeter
1247 542 1420 621 ipfi'us

201 630 556 693 voluntatem
593 632 1094 710 cogitationemque
1124 631 1416 705 acciderit,

201 716 312 777 nifi
350 718 504 795 quod
540 719 684 777 vivis
717 719 879 776 nobis
918 720 1095 776 Roma
1130 717 1409 795 profectus

201 802 320 863 est:
351 819 610 880 optemus
633 805 842 883 potius,
868 818 931 861 ut
950 818 1037 861 eat
1066 804 1126 860 in
1156 802 1414 880 exilium,'

149 900 180 943 8
203 910 380 969 qnam
395 908 704 967 queramur.
793 887 896 946 Sed
920 908 1019 948 eut·
1032 888 1239 947 tamdiu
1256 887 1325 948 de
1339 910 1405 948 u-

199 998 291 1035 no
314 974 462 1058 hoste
484 975 794 1054 loquimurt
841 988 899 1033 et
920 974 989 1033 de
1010 994 1077 1032 eo
1100 971 1269 1049 hoste,
1309 976 1409 1053 qui
1482 972 1493 979 ”

195 1062 324 1141 jam
361 1060 562 1121 fatetur
598 1060 651 1118 se
681 1058 785 1119 effe
821 1058 1026 1119 hostem
1049 1082 1064 1118 z
1114 1073 1170 1118 et
1206 1080 1369 1138 quem
1384 1102 1405 1135 ,

201 1151 366 1227 quia,
381 1146 534 1225 quod
549 1145 754 1226 semper
767 1144 944 1219 volui,
962 1164 1149 1205 murus
1166 1145 1407 1222 interest,

201 1254 332 1292 non
356 1228 559 1292 timeo:
586 1234 654 1291 de
682 1233 791 1307 his,
813 1234 913 1310 qui
934 1232 1279 1307 dissimulant,
1303 1236 1403 1313 qui

199 1321 420 1379 Romae
435 1333 741 1393 remanent,
752 1320 846 1396 qui
865 1316 1146 1378 nobiscnm
1161 1317 1401 1394 sunt,ni-

195 1405 282 1465 hil
299 1405 712 1483 dicimus?quos
725 1403 953 1483 quidem
968 1425 1071 1481 ego
1077 1403 1135 1477 ‚fi
1144 1404 1261 1463 ullo
1278 1426 1399 1465 mo-

193 1490 278 1561 do
307 1491 424 1550 fieri
453 1489 650 1570 posset,
690 1511 809 1549 non
841 1506 955 1549 tam
978 1490 1163 1549 ulcisci
1184 1490 1395 1566 studeo,

193 1596 370 1654 quam
385 1574 649 1652 sanare‚et
665 1576 810 1654 ipsos
825 1574 1040 1655 placare
1050 1575 1393 1655 reipublicae.·

195 1680 408 1741 neque,
431 1661 484 1719 id
501 1682 670 1740 quare
683 1661 798 1721 fieri
813 1682 935 1721 non
948 1662 1128 1741 poffit,
1144 1660 1183 1721 fi
1198 1682 1285 1721 me
1298 1682 1397 1722 au-

194 1748 322 1807 dite
341 1748 557 1821 volent,
594 1747 866 1826 intelligo.
930 1768 1208 1828 exponam
1244 1750 1394 1811 enim

193 1836 387 1908 vobis,
401 1836 669 1909 Quirites,
683 1854 756 1893 ex
769 1836 969 1913 quibus
983 1836 1271 1912 generibus
1288 1838 1390 1896 ho-

191 1922 412 1981 minum
433 1920 560 1979 istae
574 1922 762 1998 copiae
784 1936 1199 2000 comparentur:
1232 1922 1389 1982 dein·

193 2006 268 2066 de
281 2006 505 2084 singulis
523 2005 844 2065 medicinam
860 2004 1071 2073 confilii
1086 2024 1249 2087 atque
1263 2030 1390 2068 ora-

193 2094 372 2153 tionis
389 2112 562 2165 meae,
579 2090 617 2151 fi
634 2112 794 2171 quam
812 2108 1031 2172 potere,
1048 2092 1307 2154 afferam..
1322 2116 1387 2154 u-

197 2198 338 2238 num
369 2178 446 2237 est
465 2198 681 2251 eorum,
704 2181 798 2257 qui
813 2198 1019 2255 magno
1040 2181 1101 2237 in
1124 2200 1247 2238 aere
1260 2182 1387 2241 alie-

191 2284 300 2338 no,
329 2265 568 2341 majores
591 2266 754 2323 etiam
771 2262 1113 2343 poffeffiones
1140 2267 1347 2327 habent
1366 2291 1384 2328 :-

185 2368 430 2429 ¹quat-um
459 2368 644 2409 amore
673 2350 914 2423 adducti,
964 2350 1177 2409 diffolvi
1226 2353 1385 2413 nullo

189 2436 369 2495 modo
381 2434 622 2516 poss'unt.
667 2440 867 2495 horum
882 2439 1168 2496 hominum
1184 2438 1219 2497 s
1207 2442 1387 2517 pecies

188 2520 266 2581 est
279 2522 636 2587 honestissima
659 2544 674 2581 t
717 2520 843 2581 sunt
866 2523 1018 2585 enim
1042 2523 1345 2605 locupletes
1365 2546 1390 2583 a

733 2614 784 2665 G
835 2626 867 2683 5
