1709 3042
311 152 426 196 2220
623 141 977 197 ORATIO
1018 142 1189 197 PRO

307 231 577 293 dietat-os.
601 237 808 295 etenim
821 236 959 294 mihi
974 234 1069 316 ipfi
1086 234 1372 309 accidit,ut
1386 256 1546 297 cum

306 317 526 379 duobus
541 321 807 397 patriciis,
829 320 1007 381 altero
1021 321 1420 401 improbiffimo
1442 338 1545 383 at-

307 424 419 485 que
437 403 804 479 audacissim03
827 407 1003 467 altero
1028 404 1419 467 modestissimo
1440 424 1547 469 at-

306 509 422 570 que
449 493 670 571 optimo
697 494 824 553 viro
847 506 1089 571 peterem
1108 516 1127 551 =
1158 491 1413 570 superavi
1442 509 1549 555 ta-

303 596 436 637 men
453 576 722 654 dignitate
739 579 1237 656 catilinamgratiss
1252 578 1539 642 Galbam.

307 662 520 742 quodfi
535 662 594 721 id
623 665 833 727 crimen
864 666 1085 725 homini
1104 684 1261 726 novo
1290 662 1399 723 effe
1418 665 1541 725 de·

305 751 498 817 beret:
528 748 778 827 profecto
799 751 937 809 mihi
961 751 1389 829 nequeinimici,
1402 772 1541 811 ,ne-

215 858 220 861 ·
306 854 418 914 que
431 834 614 894 invidi
633 834 941 895 defuissent.
986 838 1307 896 omittamus
1333 837 1545 911 igitur

305 920 376 981 de
407 940 608 1000 genere
627 920 830 997 dicere,
860 922 1021 1001 eujus
1048 920 1123 981 est
1143 923 1429 999 magnain
1456 945 1539 987 u-

305 1022 510 1086 troque
523 1006 790 1084 dignitas:
802 1008 1083 1068 videamus
1098 1022 1329 1068 caetera.
1340 1026 1545 1085 quae-

307 1091 508 1153 sturam
521 1096 634 1153 unit
657 1094 838 1170 petiit,
866 1108 925 1153 et
946 1092 1065 1153 sum
1078 1113 1183 1171 ego
1198 1092 1365 1153 faetus
1389 1100 1539 1174 pri-

305 1199 394 1239 or.
455 1198 576 1241 non
612 1177 688 1239 est
723 1177 1169 1260 respondendum
1196 1178 1264 1239 ad
1292 1183 1535 1244 omnia.

303 1284 488 1345 neque
515 1265 664 1323 enim
708 1283 1043 1345 quemquam
1068 1263 1305 1327 vestrfim
1328 1263 1539 1347 fingit,

307 1371 436 1412 cum
475 1350 639 1417 multi
669 1370 829 1429 pares
853 1352 1129 1431 dignitate
1158 1350 1328 1424 fiant3
1347 1371 1537 1416 unus

306 1452 492 1498 autem
509 1437 746 1516 primum
762 1435 911 1497 solus
927 1438 1085 1517 possit
1098 1438 1364 1501 obtinete:
1384 1458 1536 1501 non

308 1522 548 1585 eundem
577 1520 680 1581 esse
703 1522 965 1583 ordinem
983 1523 1305 1602 dignitatis,
1332 1538 1389 1584 et
1426 1546 1540 1586 re-

304 1609 678 1671 nuntiationis
701 1630 717 1668 =
751 1626 1043 1690 propterea
1059 1610 1211 1689 quod
1227 1612 1537 1672 renuntia·

303 1697 392 1755 tio
409 1694 612 1773 gradus
627 1696 846 1768 habeat3
862 1696 1105 1773 dignitas
1118 1710 1299 1755 autem
1310 1692 1373 1755 fit
1385 1716 1539 1774 per-

304 1780 461 1862 saepe
483 1778 670 1840 eadem
691 1783 966 1842 omnium.
1016 1780 1106 1841 sed
1137 1779 1421 1861 quaestura
1454 1804 1535 1844 u·

306 1865 552 1945 triusque
565 1866 969 1947 propemodum
979 1869 1097 1948 pari
1107 1882 1389 1927 momento
1398 1867 1537 1930 sor-

313 1956 390 2014 tis
405 1952 530 2013 fuit.
576 1954 770 2012 habuit
798 1954 889 2013 hic
910 1954 1032 2032 lege
1056 1955 1213 2013 Titia
1227 1952 1534 2033 provinci-

311 2060 404 2106 am
435 2039 685 2113 tacitam,
713 2053 773 2097 et
803 2041 1081 2118 quietam:
1114 2054 1176 2099 tu
1204 2039 1379 2114 illam,
1398 2044 1527 2117 cui,

313 2146 441 2187 cum
463 2122 774 2203 quaestores
799 2123 1128 2200 sortiuntur,
1157 2126 1319 2185 etiam
1334 2126 1525 2187 accla-

309 2214 452 2274 mari
481 2208 639 2283 solet,
662 2208 984 2288 Ostiensem,
1015 2231 1137 2273 non
1160 2227 1273 2271 tam
1302 2213 1525 2289 gratio·

313 2298 426 2359 fiim
465 2310 524 2355 et
553 2294 831 2372 illustrem,
874 2318 1046 2378 quam
1082 2296 1425 2375 negotiosam
1460 2314 1525 2360 et

313 2380 613 2447 molestam.
654 2380 907 2443 consedit
927 2381 1207 2463 utriusque
1227 2402 1441 2443 nomen
1456 2386 1523 2446 in

315 2466 602 2549 ,quaestura
614 2510 629 2527 .
655 2467 873 2532 nullum
886 2471 1034 2534 enim
1048 2470 1211 2531 vobis
1228 2466 1348 2555 sofs
1364 2490 1533 2537 cam«
