1709 3042
402 162 486 231 ‹76
748 162 880 219 DE
937 163 1218 219 LEGE

402 279 511 317 nus
528 257 825 331 coleretur,
848 257 1187 337 suppeditare
1201 256 1404 337 poss'et:
1439 256 1608 319 ntes-
1690 254 1691 317 ἶ

402 343 483 407 set
517 345 675 403 locus
710 344 1152 423 comportandis»,
1187 344 1611 423 condendisque
1689 344 1691 395 ἒ

396 432 684 501 fructibus-
704 444 767 487 ut
780 445 1046 502 aratores,
1061 428 1214 489 cultu
1227 448 1486 507 agrorum
1503 432 1606 491 de-
1690 454 1691 499 3

396 515 531 590 feffi,
548 517 705 575 urbis
728 515 1020 574 domiciliis
1042 530 1360 583 uterentur.
1385 515 1606 577 idcirco

400 602 493 661 illa
527 600 769 661 aedificia
792 621 910 659 non
935 600 1036 659 effi:
1057 600 1257 662 deleta.
1391 604 1606 665 videte
1627 594 1691 685 33}

400 702 673 766 quantum
686 684 1040 745 intervallum
1055 684 1120 745 fit
1143 701 1286 745 mter
1285 686 1523 763 ,μύωπι
1507 710 1604 748 m·

398 788 485 831 ter
500 776 771 850 majorum
790 771 1102 833 nostrorum
1117 770 1360 845 confilia,
1375 788 1431 831 et
1449 774 1605 833 inter

398 857 625 919 istorum
647 860 936 917 hominum
957 858 1314 917 dementiam.
1369 858 1453 916 illi
1487 866 1602 918 Ca·

397 964 585 1025 puam,
609 944 1010 1023 receptaculum
1049 959 1350 1014 aratorum,
1385 945 1601 1004 nundi-

399 1050 503 1089 nas
542 1029 886 1103 rusticorum,
919 1028 1114 1089 cellam
1143 1044 1309 1109 atque
1335 1031 1603 1094 horreum
1690 1090 1691 1093 ,

393 1119 667 1195 Campani
684 1118 801 1193 agri
826 1113 928 1173 este
949 1114 1279 1175 voluemntz
1303 1117 1384 1188 hi,
1399 1116 1602 1195 expul-
1690 1112 1691 1145 ³

394 1200 467 1263 fis
484 1203 822 1261 aratoribus.
847 1200 1026 1259 effusis
1051 1222 1115 1260 ac
1133 1200 1389 1279 dissipatis
1403 1200 1598 1261 fructi-

397 1291 511 1349 bus
514 1285 958 1361 veffiis,eandem
971 1292 1214 1373 Capuam
1217 1284 1396 1353 sedem
1409 1307 1602 1349 novae

394 1372 723 1453 reipublicae
760 1358 1124 1447 constituunt,
1165 1372 1366 1431 molem
1395 1388 1602 1435 contra

394 1474 638 1518 ,veterem
654 1457 1046 1537 rempublicam
1063 1472 1406 1537 comparant.
1439 1459 1600 1536 quod

396 1542 440 1605 fi
468 1545 709 1621 majores
738 1542 910 1605 nostri
945 1542 1357 1617 existimassent,
1399 1562 1599 1621 quem-

394 1650 563 1710 quam
578 1632 637 1691 in
656 1646 767 1690 tam
776 1627 969 1689 illustri
981 1629 1294 1707 imperio,et
1307 1643 1422 1687 tam
1437 1650 1599 1708 prae-

388 1716 547 1776 clara
564 1716 755 1796 populi
774 1716 1012 1775 Romani
1026 1713 1329 1793 disciplina,
1347 1720 1435 1773 M.
1455 1720 1600 1775 Bru-

395 1804 465 1876 ti,
488 1817 585 1861 aut
606 1810 670 1861 P.
692 1801 836 1861 Rulli
853 1799 1076 1859 ssmilem
1095 1800 1360 1873 futurum,
1383 1798 1522 1867 <hos
1539 1821 1600 1859 e·

394 1889 516 1947 nim
532 1908 639 1946 nos
662 1886 803 1947 duos
830 1885 1008 1945 adhuc
1033 1886 1306 1959 videmu8‚
1327 1885 1426 1963 qui
1449 1888 1604 1947 hanc

388 1972 787 2051 rempublicam
818 1978 1066 2049 Capuam
1091 1988 1264 2031 totam
1295 1971 1603 2033 transferre

390 2058 635 2133 vellent)
660 2058 904 2137 profecto
919 2075 1126 2115 nomen
1141 2056 1288 2115 illius
1303 2058 1458 2115 urbis
1475 2078 1602 2117 non

394 2142 946 2222 reliquiffent.verum
959 2144 1602 2215 arbitrabantur-,Corin-

392 2232 499 2289 tho
536 2246 593 2289 et
626 2230 972 2304 Carthagini,
1003 2228 1168 2289 etiam
1199 2225 1238 2285 fi
1269 2226 1524 2295 senatum
1545 2245 1607 2289 et

390 2314 765 2391 magistratum
780 2311 1120 2387 sustuliffi-nt,
1143 2333 1444 2393 agrumque
1459 2316 1606 2375 civi-

388 2401 499 2458 bus
521 2398 857 2474 ademissent,
890 2414 1076 2458 tamen
1103 2418 1221 2457 non
1251 2399 1468 2473 defore,
1499 2405 1607 2479 qui

395 2483 491 2544 illa
518 2485 880 2562 restituerent,
901 2500 1090 2565 atque,
1119 2488 1218 2567 qui
1239 2500 1372 2547 ante
1399 2488 1603 2551 omnia
