1709 3042
181 170 294 250 308
492 177 842 232 ORATIO
886 174 1061 232 PRO

179 282 402 348 praetor
415 265 586 344 dedit,
608 285 672 330 ut
685 267 760 328 est
777 267 1065 347 scriptum,
1080 286 1115 324 a
1132 265 1369 347 quaesto·

181 373 242 414 re
257 357 588 415 numeravitt
615 355 867 434 quaestor
888 375 919 412 a
934 351 1123 412 mensa
1144 355 1373 433 publica!

183 441 369 500 mensa
395 457 492 500 aut
517 463 590 501 ex
617 441 893 518 veetigali,
924 454 1021 498 aut
1041 458 1121 497 ex
1152 442 1375 499 tributo.

183 543 468 604 nunquam
491 528 596 586 erit
617 526 754 586 istud
777 525 949 584 fimile
980 526 1259 596 criminis,
1287 523 1379 584 nist

184 612 320 670 mihi
351 625 528 672 totam
551 615 822 672 rationem
843 611 1005 670 omni
1034 625 1093 668 et
1124 610 1381 686 personui

185 715 307 756 rum
321 719 542 774 genere,
557 714 612 758 et
627 699 911 757 literarum
924 695 1252 774 explicatis:
1274 695 1385 770 vel,

186 781 336 861 quod
351 781 498 843 estin
515 785 711 843 eodem
733 781 954 840 decreto
966 780 1257 860 scriptum,
1286 784 1389 840 ho-

185 869 360 930 mines
377 868 690 930 clariffimos
703 869 946 928 civitatis
952 865 1315 965 ,ampliffimis
1326 887 1391 926 u-

189 953 277 1016 sos
299 957 628 1028 honoribus,
649 958 757 1014 hoc
771 969 1029 1034 praetore
1042 953 1392 1012 circumven-

191 1055 304 1100 tos.
351 1061 450 1101 cur
465 1044 522 1100 hi
539 1061 716 1119 neque
729 1042 790 1098 in
801 1037 1017 1116 judicio
1040 1035 1269 1110 adsunt,
1300 1057 1395 1096 ne·

191 1145 300 1204 que
321 1127 382 1184 in
402 1125 624 1186 decreto
649 1123 1057 1186 nominantur?
1090 1143 1211 1184 non
1247 1125 1399 1182 enim

193 1210 359 1272 credo
376 1210 664 1288 fignificat-i
685 1209 784 1272 isto
799 1210 931 1270 loco
943 1207 1123 1282 illum,
1148 1209 1251 1285 qui
1276 1205 1331 1266 se
1344 1227 1403 1266 e-

195 1297 348 1373 rigit,
366 1297 730 1356 Heraclidem.
763 1311 949 1354 utrum
964 1294 1117 1352 enim
1134 1296 1194 1352 in
1210 1289 1407 1352 claris·

195 1378 340 1440 fimis
354 1381 654 1459 ‹est-civibus
679 1385 750 1456 is,
783 1401 947 1459 quem
972 1380 1291 1456 judicatum
1316 1381 1410 1438 hie

197 1467 362 1528 duxit
380 1470 742 1549 Hermippus?
770 1469 867 1546 qui
888 1470 1035 1526 hanc
1058 1463 1231 1543 ipsam
1242 1464 1411 1540 lega·

197 1554 434 1626 tionem,
457 1575 622 1632 quam
637 1556 820 1626 habet,
852 1572 973 1612 non
996 1553 1211 1628 accepit
1236 1571 1273 1609 a
1302 1549 1411 1610 suis

197 1641 437 1712 civibus,
477 1639 567 1698 sed
595 1637 766 1717 usque
793 1636 1009 1697 Tmolo
1044 1637 1287 1714 petivit.
1266 1658 1287 1672 ·
1320 1633 1414 1694 cui

201 1725 388 1786 nullus
405 1725 626 1784 honos
611 1745 670 1784 m
699 1723 790 1784 sua
819 1725 1049 1784 civitate
1076 1723 1306 1781 habitus
1336 1717 1413 1780 est

203 1831 469 1889 unquam.
517 1831 604 1870 res
621 1824 800 1870 autem
815 1829 901 1880 ea,
925 1827 1067 1886 quae
1086 1807 1410 1870 tenniffimis

202 1897 669 1968 committebatur,
671 1898 799 1956 huic
811 1897 909 1952 uni
920 1897 981 1952 in
992 1895 1111 1950 vita
1123 1887 1413 1950 eommiss'a

206 1981 324 2042 sola
337 1981 432 2040 est.
459 1980 748 2054 custos,T.
755 1979 979 2038 Aufidio
996 1991 1278 2063 praetore,
1294 1975 1410 2034 fru-

205 2083 400 2128 mento
425 2067 646 2146 publico
669 2065 746 2124 est
769 2063 1000 2142 politus.
1026 2081 1131 2141 pro
1148 2082 1269 2140 quo
1284 2079 1409 2122 cum

209 2175 243 2214 a
259 2161 320 2212 P.
341 2154 560 2212 varino
575 2167 826 2231 praetore
847 2148 1138 2230 pecuniam
1172 2143 1408 2226 accepIs-

205 2237 310 2314 set,
321 2236 520 2298 celavit
549 2235 675 2296 suos
689 2233 1127 2310 cives,ultroque
1141 2233 1213 2291 iis
1229 2232 1407 2310 sump-

209 2339 328 2382 tum
344 2323 553 2380 intulit.
569 2321 720 2399 quod
738 2319 1081 2399 posteaquam
1098 2316 1407 2391 Temni‚li·

209 2407 342 2461 teris
364 2426 395 2460 a
413 2411 476 2462 P.
494 2407 710 2464 varino
730 2404 915 2475 missis,
930 2403 1223 2478 cognitum
1246 2418 1406 2480 atque

201 2484 536 2564 patefactum,
549 2486 624 2546 est
635 2511 655 2560 ς
681 2506 917 2565 cumque
930 2484 1119 2546 eadem
1134 2485 1204 2546 de
1218 2506 1279 2552 te
1294 2493 1407 2550 (ἔω
