1709 3042
370 201 468 253 IN
506 194 1157 254 L.CAT1L1NAM.
1241 196 1405 283 '129
1504 218 1513 241 ι

197 318 310 374 ego
341 312 466 355 tuas
492 296 789 375 petitiones
809 296 891 353 ita
912 293 1213 370 conjefiaS,
1236 305 1298 348 ut
1320 290 1409 345 vi-

199 386 304 441 tari
325 382 474 460 posse
489 403 608 439 non
625 381 963 455 viderentur,
980 399 1149 459 parva
1164 397 1235 457 qu
1242 376 1410 435 adam

197 470 598 540 declinatione,
625 482 702 540 et,
727 481 794 525 ut
808 468 984 540 aiunt,
1008 484 1243 545 corpore
1263 460 1407 520 effu·

109 620 122 631 ‚
197 556 288 631 gi?
313 555 454 614 nihil
471 555 612 630 agir„
635 552 774 611 nihil
796 549 1109 631 assequeris,
1126 549 1265 609 nihil
1280 568 1406 608 mo-

167 676 180 687 ·
199 641 344 729 litia,
380 642 534 719 quod
563 641 702 699 mihi
725 638 893 697 latere
914 636 1124 697 valeat
1109 658 1169 696 m
1188 652 1403 714 tempo·

199 748 284 785 re:
308 747 492 829 neque
507 730 690 785 tamen
707 745 921 798 conat-1,
944 744 1007 783 ac
1024 723 1161 783 velle
1176 721 1405 782 defistis

198 816 427 891 quoties
449 814 569 890 jam
591 813 694 871 tibi
725 826 948 869 extorta
976 809 1051 869 est
1084 808 1184 868 fica
1206 808 1303 867 ista
1331 808 1405 867 de

195 898 460 959 manibus
484 899 505 956 ἶ
530 900 756 977 quoties
777 917 915 955 vero
936 895 1139 955 excidit
1154 894 1275 955 casu
1300 894 1403 953 ali-
1435 969 1439 973 ι

195 1006 340 1066 quo,
363 1000 420 1043 et
441 982 619 1065 elapsa
633 983 736 1043 est?
761 999 946 1042 tamen
962 1003 1025 1041 ea
1038 1002 1221 1042 carere
1234 982 1401 1041 diuti-

193 1092 269 1131 us
293 1092 412 1130 non
431 1084 628 1150 potes:
667 1090 810 1150 quae
835 1068 1057 1149 quidem
1082 1070 1283 1147 quibus
1298 1068 1399 1126 abs

195 1175 256 1217 te
288 1160 513 1216 initiata
542 1154 728 1230 sacris‘,
757 1178 824 1215 ac
855 1155 1060 1216 devota
1080 1154 1166 1229 fit,
1190 1152 1397 1228 nesab,

193 1244 356 1324 quod
374 1264 497 1303 eam·
530 1242 734 1303 necess'e
749 1258 911 1323 putas
935 1240 1175 1302 consulis
1196 1243 1256 1301 in
1272 1260 1402 1300 cor-

147 1360 174 1406 7
192 1350 338 1411 pore
347 1329 600 1405 defigere.
637 1336 804 1388 Nunc
817 1348 1121 1407 ver0‚quae
1136 1343 1229 1387 tua
1244 1327 1317 1387 est
1328 1326 1401 1386 is·-

189 1434 254 1477 ta
269 1418 418 1476 vita?
451 1415 520 1474 fic
535 1418 684 1474 enim
701 1416 818 1493 jam
833 1432 1017 1475 tecum
1040 1414 1259 1493 loquar,
1276 1432 1400 1475 non·

187 1519 260 1563 ut
275 1502 416 1561 odio
432 1517 710 1581 permotus
727 1500 830 1560 effe
851 1501 1185 1579 videar‚quo
1200 1500 1401 1577 debeo,

189 1587 286 1649 fed
299 1603 368 1647 ut
387 1585 779 1661 misericordia,
802 1608 943 1668 quae
958 1588 1057 1645 tibi
1072 1587 1221 1646 nulla
1234 1586 1401 1645 debe·

189 1691 314 1735 tur.
348 1673 537 1734 venisti
553 1674 717 1755 paulo
733 1689 861 1733 ante
888 1676 949 1733 in
973 1670 1237 1733 senatum.
1269 1676 1401 1754 quis

193 1779 254 1821 te
275 1782 353 1821 ex
365 1762 470 1820 hae
485 1776 640 1819 tanta
653 1760 983 1839 frequentia,
1004 1780 1078 1819 ex
1093 1775 1182 1820 tot
1198 1761 1309 1820 tuis
1338 1782 1398 1820 a·

189 1848 358 1908 micis
383 1848 448 1907 ac
467 1846 772 1907 necessariis
787 1845 1068 1907 salutavit?
1094 1846 1131 1905 fi
1146 1850 1255 1907 hoc
1276 1846 1399 1927 post

189 1936 488 1995 hominum
517 1934 840 1995 memoriam
879 1934 1119 2011 contigit
1152 1936 1397 2011 nemini,

191 2022 358 2080 vocis
373 2022 628 2099 expedias
644 2020 1029 2080 contumeliam
1034 2019 1255 2095 ,cumfis
1270 2042 1399 2098 gra·

187 2106 410 2166 vissimo
426 2105 640 2183 judicio
656 2107 1049 2166 taciturnitatis
1061 2106 1347 2185 appr-effus
1369 2108 1399 2168 ἓ

191 2192 359 2271 quid,
374 2191 525 2271 quod
539 2192 780 2252 adventu
795 2208 897 2252 tuo
912 2190 1009 2251 ista
1024 2190 1394 2267 subsellia‚-va·

193 2298 302 2339 cua
315 2276 454 2337 fasta
469 2276 596 2337 sunt
613 2280 636 2339 ἓ
663 2278 816 2358 quod
828 2299 1031 2340 omnes
1055 2277 1399 2358 consulares,

193 2366 299 2443 qui
315 2366 418 2427 tibi
435 2362 682 2445 persaepe
697 2364 767 2425 ad
784 2365 1003 2426 caedem
1014 2364 1295 2426 constituti
1306 2367 1419 2427 fu?

189 2465 384 2521 erunt,
411 2448 731 2531 simulatque
745 2449 995 2527 ass'eedist33
1008 2468 1219 2531 partem
1242 2452 1396 2515 istam
1432 2463 1437 2467 ’

191 2532 570 2601 subselliorum
595 2538 800 2599 nudam
829 2552 995 2619 atque
1019 2541 1237 2601 inanem
1267 2540 1403 2601 reli·
