1709 3042
358 168 435 225 80
693 174 826 229 DE
885 174 1164 230 LEGE

353 266 507 341 dum,
543 268 751 327 Romae
778 282 1158 350 contemptum
1181 282 1346 348 atque
1367 272 1554 350 abjec-

344 367 473 411 tum
488 354 830 429 videbamus,
852 359 1002 415 hunc
1021 363 1242 435 Capuae
1258 364 1552 436 Campano

348 437 661 519 supercilio,
694 462 759 499 ac
788 444 940 519 regio
969 440 1158 521 spiritu
1189 465 1314 501 cum
1333 444 1556 503 videre·

348 545 499 599 mus,
522 529 759 602 Magios,
786 528 1008 586 Blossios
1027 530 1159 587 mihi
1174 529 1400 587 videbar
1411 529 1545 588 illos

350 612 564 686 videre,
586 632 648 669 ac
678 612 970 686 anellios.
1011 614 1128 689 jam
1145 624 1280 672 vero
1307 617 1405 692 qui
1431 625 1568 673 mei.

348 713 443 755 tus
458 712 577 755 erat
592 699 962 758 tunicatorum
980 696 1237 759 illorum?
1273 714 1332 757 et
1359 701 1420 759 in
1447 700 1552 759 Al·

352 786 519 858 bana,
542 798 597 841 et
618 782 866 862 Seplasia,
907 804 1046 862 quae
1057 783 1408 845 concursafio
1421 804 1554 863 per-

346 872 722 944 contantium,
754 869 888 946 quid
909 884 1131 949 praetor
1145 868 1428 929 edixisset?
1452 872 1556 931 ubi

352 956 640 1015 coenaret?
666 955 801 1034 quid
814 954 1180 1015 enuntiasset?
1211 976 1320 1015 nos
1343 970 1560 1031 autem,

352 1047 487 1103 hinc
511 1044 689 1099 Roma
702 1043 799 1120 qui
812 1060 1156 1117 veneramus,
1172 1041 1288 1117 jain
1312 1061 1432 1100 non
1445 1046 1557 1101 ho-

352 1126 542 1208 spiteS,
574 1126 664 1186 sed
680 1130 956 1207 peregrini
977 1142 1142 1206 atque
1171 1126 1414 1187 advenae
1445 1146 1558 1187 no—

354 1216 720 1274 minabamur.
853 1219 1008 1273 Haec
1031 1214 1128 1291 qui
1147 1212 1559 1293 prospexerint,
1585 1247 1638 1290 35
1693 1236 1695 1241 ·

352 1300 593 1377 majores
610 1298 826 1358 nostros
840 1299 993 1374 dieo,
1018 1300 1283 1373 Quirites,
1309 1318 1428 1359 non
1451 1319 1557 1359 eos

356 1389 418 1445 in
440 1385 670 1445 deorum
699 1384 1090 1443 immortalium
1121 1404 1356 1443 numero
1375 1404 1552 1445 vene·

348 1470 563 1533 ‘randos
580 1472 785 1531 anobis
804 1485 858 1528 et
877 1469 1139 1529 colendos
1157 1470 1390 1549 putatis?
1415 1470 1560 1549 quid

353 1562 509 1618 enim
539 1556 841 1617 viderunt?
887 1560 1014 1630 hoc,
1049 1556 1204 1634 quod
1241 1574 1396 1616 nune
1421 1572 1560 1633 νον,

356 1643 583 1725 quaeso,
598 1640 883 1723 perspicite
898 1658 1064 1720 atque
1077 1640 1411 1719 cognoscite.
1431 1659 1560 1702 non

356 1736 759 1809 ingenerantur
794 1730 1113 1787 hominibus
1149 1746 1335 1787 mores
1369 1743 1488 1787 tam
1525 1743 1564 1788 a

358 1817 519 1897 stirpe
533 1817 750 1893 generis
755 1856 773 1889 ,
784 1834 847 1873 ac
863 1811 1104 1888 seminis,
1119 1832 1282 1890 quam
1295 1815 1452 1873 exiis
1469 1828 1563 1873 re*-

356 1906 486 1976 bus,
516 1920 655 1980 quae
680 1904 746 1959 ab
768 1898 884 1979 ipsa
899 1914 1094 1959 natura
1115 1899 1250 1972 loci,
1278 1915 1334 1958 et
1359 1902 1564 1959 avitae

360 1984 755 2049 consuetudine
770 1982 1208 2064 suppeditantur=
1237 1985 1436 2062 quibus
1460 1986 1562 2044 ali·—

356 2094 509 2147 mur,
524 2089 580 2130 et
604 2073 865 2131 vivimus·
917 2066 1390 2146 Carthaginenses,
1407 2069 1562 2131 frau-

361 2159 573 2219 dulenti
588 2172 643 2216 et
659 2155 1095 2229 mendacesmon
1113 2174 1334 2232 genere,
1347 2152 1436 2213 sed
1455 2178 1562 2217 na·

359 2262 491 2306 tura
524 2244 667 2317 loci,
696 2241 883 2323 quod,
918 2256 1148 2319 propter
1174 2256 1370 2319 portus
1403 2236 1564 2318 suos,

368 2330 556 2391 multis
570 2344 627 2387 et
644 2330 813 2387 variis
836 2342 1200 2385 mercatorum
1231 2342 1287 2385 et
1315 2325 1564 2385 advena·

369 2436 492 2477 rum
508 2411 935 2485 sermonibu3,ad
951 2404 1184 2469 stu'dium
1199 2410 1564 2485 fallendi,stu·

360 2500 461 2565 dio
476 2498 725 2580 quaestus
737 2498 1100 2559 vocabantur.
1128 2500 1382 2575 Ligures,
1391 2516 1564 2559 mon·-
