1709 3042
383 173 497 246 296
692 175 744 228 Ο
757 175 806 228 R
819 175 871 228 A
884 173 945 228 T
958 175 984 228 1
998 177 1051 229 Ο
1088 175 1129 228 Ρ
1142 176 1191 229 R
1205 177 1259 230 Ο

379 272 483 330 lica
503 263 777 350 dignitate
787 273 981 331 omnia
1005 272 1073 332 ad
1103 273 1369 350 gloriam,
1398 270 1569 354 splen·

375 358 675 436 dotemque
708 375 1054 418 revocarent.
1110 363 1403 438 quaeritur
1431 365 1573 422 enim
1687 379 1688 415 ἢ

379 447 440 504 in
471 465 526 502 re
547 443 864 517 domestica,
895 447 1279 504 continentiae
1314 447 1438 506 laus
1460 469 1479 506 t
1518 451 1577 506 in
1687 441 1688 446 ἵ

375 531 617 611 publica,
635 530 947 606 dignitatis.
970 530 1124 608 quod
1138 529 1176 589 fi
1190 534 1366 590 etiam
1384 532 1583 612 praefi·

377 615 452 676 dii
475 615 631 674 causa
644 613 856 675 claffem
879 617 1095 689 habuit,
1118 617 1250 695 quis
1274 620 1389 677 erit
1406 634 1523 678 tam
1540 621 1585 677 i-

377 706 582 780 niquus
595 747 614 777 ,
651 703 748 780 qui
787 700 1195 780 reprehendat?
1240 703 1390 763 nulli
1429 719 1591 765 erant

375 787 706 870 praedones.
733 787 897 865 quid?
917 785 1103 846 nullos
1118 785 1265 860 fore,
1278 792 1417 868 quis
1434 811 1593 870 prae-

377 875 512 934 stare
533 875 790 952 poterat?
829 875 1067 946 minuiS,
1098 875 1322 952 inquit,
1352 875 1597 952 gloriam

379 969 514 1020 Pom
519 956 660 1039 peii.'
680 960 850 1018 immo
868 975 927 1017 tu
950 979 1015 1017 au
1020 979 1117 1035 ges
1134 958 1473 1023 molestiam.
1506 961 1597 1021 ille

378 1051 526 1106 enim
548 1043 730 1105 classes
745 1045 1107 1122 praedonum,
1137 1046 1333 1120 urbes,
1366 1065 1597 1126 portus,

339 1161 341 1164 ⁴
380 1131 720 1212 receptacula
751 1129 994 1190 sustulit:
1038 1151 1227 1208 pacem
1250 1135 1601 1194 maritimam

377 1217 584 1278 summa
606 1219 835 1290 virtute,
860 1231 1022 1294 atque
1043 1215 1367 1276 incredibili
1402 1219 1599 1278 celeri-

379 1319 492 1364 tate
505 1301 747 1364 confecit
765 1324 783 1360 2
809 1302 943 1360 illud
960 1321 1095 1360 vero
1120 1321 1304 1378 neque
1334 1303 1600 1385 suscepit,

383 1409 566 1469 neque
588 1386 850 1466 suscipere
874 1386 1084 1460 debuit,
1112 1402 1199 1461 ut,
1230 1386 1271 1445 fi
1306 1408 1427 1466 qua
1448 1389 1600 1471 uspi-

382 1497 471 1536 am
488 1474 740 1534 navicula
757 1473 1094 1552 praedonum
1112 1473 1483 1551 appamiss‘et‚
1506 1497 1601 1534 ac·

381 1561 646 1622 cusandus
661 1559 959 1618 videretur.
1007 1560 1195 1636 itaque
1208 1556 1325 1636 ipsc
1350 1561 1417 1619 in
1444 1560 1597 1637 Asia,

383 1669 508 1710 cum
531 1646 719 1706 omnia
729 1645 846 1721 jam
863 1643 999 1702 bella
1017 1659 1163 1702 terra
1176 1646 1437 1723 marique
1456 1667 1598 1707 con-

381 1725 607 1808 feciss'ei,
637 1729 853 1790 classem
880 1745 1066 1788 tamen
1090 1727 1277 1787 iisdem
1314 1730 1435 1789 istis
1458 1734 1596 1792 civi-

383 1823 588 1882 tatibus
603 1819 915 1896 imperavit.
954 1813 1105 1894 quod
1121 1813 1159 1873 fi
1184 1829 1303 1874 tum
1322 1816 1517 1875 statuit
1528 1839 1593 1876 o-

373 1926 489 1988 ·pus
518 1903 641 1979 effe,
678 1923 802 1962 cum
835 1900 999 1981 ipsius
1031 1898 1328 1978 praesentis
1358 1905 1593 1962 nomine

386 2010 506 2054 tuta
521 1990 712 2049 omnia
724 2003 784 2046 et
801 2003 993 2065 pacata
1006 1985 1110 2044 effe
1125 2002 1410 2064 poterant3
1434 1987 1587 2066 quid,

385 2101 510 2142 cum
519 2077 558 2135 il
564 2076 612 2134 le
625 2071 1131 2147 deceffiffet,Flacco
1147 2071 1475 2132 existimatis
1489 2073 1587 2132 sta·

385 2162 674 2237 tuendum,
697 2176 752 2218 et
769 2158 1079 2218 faciendum
1103 2156 1293 2216 fuisse?
1440 2157 1583 2234 Quid
1602 2177 1645 2221 13

390 2272 496 2312 nos
514 2249 641 2308 hic?
675 2265 869 2306 nonne
896 2242 1015 2323 ipso
1048 2245 1313 2322 Pompeio
1344 2249 1585 2317 auctore,

389 2337 600 2406 Silano,
623 2347 679 2391 et
710 2338 947 2390 Murena
970 2327 1309 2402 consulibuS,
1340 2329 1582 2389 decrevi-

387 2411 533 2488 mus,
559 2431 621 2474 ut
635 2415 803 2474 classis
819 2417 881 2472 in
899 2413 1058 2472 Italia
1074 2415 1363 2489 navigaret
1384 2415 1407 2473 ἓ
1441 2435 1581 2474 non·

387 2521 458 2560 ne
478 2519 544 2556 eo
567 2497 686 2577 ipso
720 2513 989 2577 tempore,
1012 2517 1139 2558 cum
1171 2504 1245 2558 L.
1264 2499 1583 2575 Flaccusjn
