1709 3042
376 181 475 237 IN
502 182 569 236 L.
594 182 1152 239 CATILINAM.
1277 184 1380 244 161

182 276 331 338 nitas
346 274 578 335 adhucfi
594 277 681 335 cui
696 276 926 335 solutior
939 276 1058 337 visa
1069 276 1270 352 est,h0c
1283 298 1384 339 ex·

88 374 94 393 '
182 365 447 442 peetavit,
469 378 533 420 ut
550 362 626 436 id,
645 364 797 441 quod
812 364 1036 437 latebat,
1055 379 1379 442 erumperet.

182 448 337 526 quod
353 448 626 525 reliquum
640 446 862 525 est‚jam
879 468 998 506 non
1016 447 1224 528 poss'um
1238 451 1382 509 obli·

182 532 337 608 visci,
354 553 533 592 meam
549 536 692 593 hanc
707 532 809 592 else
824 536 1169 612 patriam,me
1183 537 1382 594 horum

182 618 285 679 effe
314 616 600 678 consulem
620 639 635 677 ε
662 620 801 677 mihi
822 634 918 677 aut
942 638 1066 677 cnm
1081 620 1168 677 his
1184 621 1380 679 viven-

179 704 336 779 dum,
368 718 465 761 aut
482 722 585 782 pro
607 702 817 763 hisessb
828 704 1202 763 moriendum.
1249 706 1379 765 nul·

177 789 263 849 lus
286 788 369 849 est
390 803 585 867 portae
612 788 791 850 custos
818 811 837 847 t
891 787 1074 848 nullus
1103 788 1384 850 insidiator

176 874 301 934 viae
325 897 343 933 τ
376 874 416 933 fi
440 876 539 953 qui
564 876 717 933 exire
742 873 964 949 volunt,
992 874 1272 934 consulere
1289 874 1382 935 fibi

177 959 430 1040 poffunt.
477 962 575 1039 qui
602 963 827 1019 vero-in
850 964 988 1019 urbe
1004 960 1054 1019 se
1066 982 1385 1021 commove-

178 1048 274 1121 rit,
304 1046 473 1120 cujus
488 1065 591 1121 ego
608 1066 725 1104 non
742 1046 912 1106 modo
927 1046 1151 1121 faetum,
1175 1046 1266 1106 sed
1289 1048 1380 1105 in-

176 1147 405 1212 ceptum
428 1130 603 1189 ullum
626 1148 960 1191 conatumve
983 1146 1178 1207 contra
1210 1134 1380 1211 patri-

174 1238 264 1275 am
282 1215 725 1295 deprehendero:
754 1216 950 1276 sentiet
965 1220 1022 1275 in
1039 1220 1138 1275 hac
1153 1219 1286 1276 urbe
1301 1216 1380 1277 ei:-

172 1301 227 1362 se
240 1300 507 1363 consules
520 1300 837 1377 vigilantes,
869 1302 974 1363 effe
987 1305 1238 1380 egregios
1255 1323 1374 1363 ma-

171 1388 462 1467 ginatus,
476 1384 580 1445 effe
592 1386 792 1447 fortem
808 1387 1076 1463 semanim,
1091 1387 1192 1447 esst
1206 1408 1381 1465 arma,

170 1473 279 1535 effe
309 1492 611 1547 carcerem,
642 1494 805 1553 quem
822 1474 1104 1534 vindicem
1135 1473 1374 1536 nefario·

170 1580 297 1621 rum
314 1580 381 1619 ac
408 1557 813 1619 manifestorum
846 1560 1104 1621 scelerum
1136 1561 1375 1637 majores

104 1654 149 1700 ¹3
170 1645 350 1707 nostri
364 1642 473 1705 esse
491 1644 811 1705 voluerunt.
904 1652 1092 1724 Atque
1106 1650 1236 1704 haec
1251 1666 1374 1705 om..

166 1735 267 1791 nia
288 1729 367 1791 fic
384 1746 640 1807 agentur,
670 1733 948 1806 Quirites„
985 1746 1048 1789 ut
1075 1750 1162 1789 res
1192 1734 1368 1791 maxi-

164 1838 291 1877 mae
310 1817 549 1875 minime
564 1833 741 1891 motu,
766 1817 1002 1895 pericula
1016 1815 1223 1876 summa
1237 1818 1365 1877 nul-

166 1903 226 1963 lo
242 1901 509 1976 tumultu,
526 1901 723 1961 bellum
738 1900 1056 1960 intestinum
1073 1923 1136 1961 ac
1151 1902 1368 1961 domes·

166 1991 369 2063 ticum,
402 1986 523 2066 post
536 1989 822 2047 hominum
839 1989 1158 2047 memoriam
1175 1988 1368 2048 crude-

164 2068 425 2135 liffiinum
445 2094 508 2131 ac
536 2075 860 2147 maximum,
897 2092 984 2131 me
1017 2093 1136 2132 uno
1174 2086 1370 2150 togato

164 2158 312 2220 duce
340 2174 398 2217 et
426 2160 776 2237 imperator-e,
801 2155 1036 2217 sedetur.
1083 2160 1242 2237 qnod
1265 2179 1370 2235 ego

158 2242 235 2305 fic
250 2242 660 2318 administrabo,
672 2244 944 2319 Quirites,
961 2260 1046 2318 ut,
1061 2243 1100 2302 fi
1115 2244 1228 2305 ullo
1243 2266 1370 2304 mo-

162 2330 243 2391 do
278 2329 399 2389 fieri
438 2332 667 2408 poterit,
708 2350 781 2391 ne
816 2330 1105 2408 improbus
1141 2329 1366 2408 quidem

164 2413 455 2495 quisquam
470 2416 529 2472 in
546 2417 649 2477 hae
664 2417 797 2475 urbe
811 2434 1048 2493 poenam
1065 2414 1144 2474 sui
1156 2414 1364 2473 sceleris

162 2498 409 2563 sufferat.
453 2498 547 2561 sed
574 2499 615 2561 fi
638 2502 727 2561 vis
750 2498 1061 2561 manifestae
1089 2498 1378 2572 audaciae,¹
