1709 3042
453 151 520 207 L.
569 149 1015 208 FLACCO.
1124 153 1327 227 '313

101 244 356 330 pet-andi
383 245 544 304 fundi
559 247 772 326 paterni
796 247 989 304 venire
1010 239 1077 302 ad
1092 239 1337 302 testimo·

103 337 286 394 nium
317 332 611 391 dicendum
641 330 901 408 co‘e‘gisti:
943 331 1337 409 quiquoniam

103 419 502 480 testimonium
518 418 770 477 nondum
791 417 956 493 dixit,
980 416 1246 495 quidnam
1268 416 1337 476 fit

106 508 658 586 didus'usssxpefto.
675 507 815 564 novi
831 524 1005 582 genus
1024 503 1337 577 hominum,

109 595 272 654 novi
287 591 761 665 consuetudinem,
789 587 1253 650 novi'libidinem.
1284 592 1334 650 i·

113 696 324 758 taque,
344 677 440 738 etfi
457 695 640 752 teneo,
665 678 800 756 quid
816 676 881 735 fit
893 678 1073 736 dicere
1088 687 1339 758 pamm,

115 765 274 826 nihil
289 780 472 824 tamen
491 779 688 823 contra
697 763 983 843 disputabo
993 759 1339 843 prius,quam

117 851 357 912 dixerit.
404 867 586 910 totum
601 851 748 909 enim
765 864 1081 921 convertet,
1092 863 1259 928 atque
1272 871 1335 908 a·

115 939 202 997 lia
217 937 411 1014 finget.
431 939 780 1016 quamobrem
798 953 855 994 et
870 936 960 994 ille
974 933 1340 1015 servet,quod

119 1027 370 1104 paraviti
395 1039 450 1082 et
471 1045 576 1101 ego
589 1043 678 1082 me
693 1021 760 1082 ad
782 1022 862 1097 id,
892 1019 1043 1100 quod
1070 1023 1341 1097 attulerit,

31 1150 98 1187 22
125 1113 410 1189 integrum
427 1131 532 1170 con
543 1110 792 1168 servabo·
896 1109 1083 1167 Venio
1099 1127 1251 1167 nunc
1266 1107 1339 1168 ad

117 1217 250 1256 eam
289 1198 603 1270 civitatem,
634 1197 693 1254 in
731 1214 897 1274 quam
930 1215 1035 1272 ego
1068 1195 1243 1254 multa
1272 1211 1333 1256 et

119 1303 334 1362 magna
349 1283 539 1356 studia,
555 1299 612 1340 et
626 1282 718 1341 offi
725 1283 807 1340 cia
820 1281 1059 1342 contuli=
1089 1297 1145 1340 et
1160 1299 1339 1360 quam

119 1390 286 1430 meus
303 1369 470 1427 frater
486 1371 544 1428 in
562 1371 752 1446 primis
767 1367 927 1442 colit,
958 1383 1121 1446 atque
1135 1367 1339 1446 diligit=

119 1477 273 1536 quae
305 1453 343 1514 fi
365 1457 560 1515 civitas
585 1474 680 1535 per
702 1456 856 1513 viro's
887 1456 1093 1528 bonos,
1118 1454 1337 1532 graves·-

117 1563 240 1622 que
262 1543 539 1616 homines,
555 1541 804 1620 querelas
828 1540 1019 1600 advos
1045 1539 1340 1615 detulisset,

123 1627 304 1710 paulo
342 1647 719 1687 commoverer
757 1629 954 1704 magis.
1018 1647 1169 1686 nunc
1198 1647 1339 1688 vero

123 1715 267 1794 quid
285 1716 498 1794 putem?
528 1715 850 1772 Trallianos
870 1713 1193 1772 Maeandrio
1206 1735 1341 1773 cau·

123 1801 242 1859 sam
261 1799 596 1874 commffiffi,
621 1801 832 1860 homini
855 1803 1061 1877 egenti,
1092 1799 1339 1878 sordido,

121 1887 244 1946 fine
255 1891 497 1962 honore,
520 1886 630 1946 fine
646 1886 1067 1962 existimatione,
1083 1887 1199 1946 fine
1214 1887 1341 1948 sen-

124 1973 190 2031 su
216 1975 237 2031 ?
271 1975 540 2033 ubierant
569 1975 670 2047 ini,
704 1973 1031 2051 Pythodori,
1056 1975 1339 2050 Ae⁴tideni²

127 2057 456 2139 Lepisones,
467 2062 662 2119 caeteri
681 2061 935 2118 homines
952 2061 1093 2138 apud
1112 2081 1220 2119 nos
1236 2083 1343 2122 no·

129 2147 203 2220 ti,
228 2149 372 2204 inter
389 2145 514 2204 suos
537 2147 788 2205 nobiles?
815 2147 909 2203 ubi
939 2146 1029 2204 ina
1044 2147 1341 2223 magnifica

127 2248 190 2291 et
221 2231 460 2310 gioriosa
493 2231 788 2292 ostentatio
817 2234 1103 2291 civitatis?
1144 2253 1340 2292 nonne

127 2316 259 2379 esset
273 2319 552 2399 puditum,
573 2317 611 2378 fi
627 2323 768 2378 hanc
786 2316 997 2377 causam
1018 2333 1241 2397 agerent
1258 2318 1340 2378 se·-

122 2409 278 2480 vefe‚
317 2427 434 2466 non
473 2405 644 2466 modo
676 2407 939 2484 legatum,
972 2405 1063 2464 sed
1096 2405 1339 2465 Trallia-

131 2515 268 2554 num
286 2494 526 2556 omnino
543 2495 650 2556 diei
669 2493 1077 2554 Maeandrium?
1104 2494 1343 2554 huicne>

709 2589 761 2640 Ο
