1709 3042
438 163 508 220 L.
551 165 596 220 F
621 165 672 220 L
697 165 750 222 A
775 165 824 220 C
851 165 898 220 C
924 167 995 221 Ο.
1194 181 1225 241 3
1242 180 1261 222 ι
1273 180 1307 237 5

77 260 290 322 invita
305 256 542 320 fohem
557 257 818 320 Castricio
831 261 1147 340 pecuniam,
1164 260 1311 338 jam-

77 348 200 412 diu
231 345 492 406 debitam.
553 347 688 406 hinc
724 359 908 406 totum
940 345 1147 422 odium,
1182 350 1314 408 hinc

81 434 291 497 omnis
313 429 565 492 offenfio.
597 433 716 512 quo
741 430 1116 494 cumveniffet
1130 433 1315 498 Laeli·

84 541 174 582 na
187 517 262 580 ad
278 522 534 593 itatot‚et
545 518 686 580 illud
697 517 1091 582 Castricianum
1104 518 1313 581 vulnus

89 604 350 669 dicendo
373 603 724 682 refficniffet3
752 604 1088 668 exfiluerunt
1102 609 1313 687 princi-

93 714 232 778 pes,
267 711 450 772 neque
478 694 538 752 in
567 689 662 752 illa
683 693 959 753 concione
994 691 1315 771 adflictum,

97 799 292 859 neque
313 776 477 858 ipfius
493 778 698 838 decreti
713 800 776 838 ac
797 777 1093 841 testimonii
1121 785 1311 842 austo-

99 887 196 928 ηε
211 864 322 928 effe
333 865 652 926 voluerunt.
697 863 869 944 usque
880 868 953 927 εὸ
970 867 1106 928 orba
1121 865 1226 926 fluit
1242 869 1313 929 ab

100 951 814 1034 optimnaihusillaconcim
813 967 879 1012 ut
896 954 1153 1034 princeps
1163 956 1313 1033 prin-

101 1043 300 1121 cipum
295 1036 447 1098 efl’et
478 1039 867 1098 Maeandrius·
907 1039 1066 1118 cujus
1097 1040 1313 1117 lingua,

29 1167 37 1174 -
101 1124 266 1208 quafi
289 1124 504 1184 flabello
525 1123 830 1200 seditionis,
866 1125 960 1185 illa
992 1141 1109 1186 tum
1146 1125 1220 1186 est
1250 1148 1313 1187 e·

99 1213 362 1292 gentium
383 1212 586 1272 concio
601 1213 886 1274 ventilata.
916 1215 1102 1292 itaque
1115 1215 1313 1274 civita-

101 1301 185 1360 tis
197 1298 486 1379 pudentia,
499 1314 564 1358 ut
576 1319 681 1377 ego
695 1297 903 1378 semper
918 1299 1214 1361 existimavi
1221 1345 1241 1375 ,
1255 1318 1315 1362 et

101 1386 322 1463 gravis,
349 1400 416 1444 ut
437 1383 533 1464 ipfi
554 1383 843 1445 existimari
864 1387 1067 1448 volunt
1072 1387 1314 1465 ,justum

104 1469 368 1532 dolorem
397 1468 754 1552 quei-dasque
788 1471 1125 1549 cognoscite.
1170 1493 1315 1554 quae

111 1559 354 1638 pecunia
369 1557 532 1617 fuerit
553 1557 695 1639 apud
719 1556 793 1633 se,
822 1559 1004 1619 Flacci
1018 1562 1190 1640 patris
1206 1583 1315 1621 no-

111 1646 290 1722 mine,
306 1643 504 1705 collata
517 1665 552 1704 a
562 1647 806 1720 civibus,
820 1648 964 1706 hanc
980 1667 1013 1706 a
1032 1646 1085 1706 se
1100 1637 1203 1709 effe
1216 1651 1315 1709 ab·

113 1731 292 1792 lutam
329 1747 657 1810 queruntur.
719 1731 830 1792 alio
858 1732 991 1794 loco
1028 1755 1317 1814 quaeram,

115 1816 260 1897 quid
297 1818 515 1878 licuerit
545 1816 790 1878 Flacco:
839 1841 993 1880 nunc
1024 1837 1240 1884 tantum
1280 1843 1317 1883 a

117 1904 428 1964 Trallianis
451 1906 696 1984 requiro,
717 1925 883 1986 quam
903 1910 1189 1987 pecuniam
1212 1933 1245 1970 a
1262 1907 1317 1972 se

114 1989 352 2050 ablatam
371 2007 698 2070 queruntur,
713 1991 933 2052 suamne
946 1993 1154 2069 dicant,
1172 1991 1267 2058 filia}
1282 2019 1317 2056 a

115 2077 440 2138 civitatibus
462 2077 714 2138 collatam
735 2081 798 2138 in
817 2079 971 2139 'ufinn
996 2080 1169 2142 suum.
1216 2105 1317 2144 cu-

118 2164 216 2244 pio
233 2164 442 2226 audire.
487 2185 632 2240 non,
655 2167 858 2244 inquit,
884 2165 1136 2228 dicimus·
1182 2169 1317 2248 quid

121 2251 292 2329 igitur
314 2251 335 2310 ?
369 2250 602 2310 delatam
619 2251 688 2311 ad
705 2273 836 2327 noa,
851 2253 1113 2312 creditam
1130 2258 1322 2331 nobiS,

121 2345 194 2398 L.
221 2337 403 2398 Flacci
421 2339 596 2418 patris
623 2341 875 2413 nomine,
906 2339 975 2399 ad
1004 2341 1169 2420 hujus
1198 2342 1321 2403 dies

121 2423 286 2484 festos
301 2417 470 2504 atque
489 2425 673 2486 ludoS.
724 2425 854 2506 quid
882 2442 999 2486 tum
1021 2428 1042 2485 ?
1078 2432 1219 2487 hanc
1241 2445 1321 2506 te,

121 2511 329 2592 inquit,
353 2531 546 2596 capere
559 2533 680 2573 non
693 2512 871 2574 licuit.
897 2513 1014 2594 jam
1027 2515 1087 2576 id
1103 2516 1319 2580 videro=

655 2606 705 2658 O
757 2619 790 2662 2
