1709 3042
403 134 524 211 360
707 132 1057 191 otuu-10
1095 130 1261 191 PRO

397 230 514 293 iffez
539 230 709 293 multa
729 250 852 291 mea
866 232 927 291 in
942 230 1015 303 se,
1038 227 1313 290 nonnulla
1326 227 1499 291 ctiam
1510 225 1601 291 sua

400 319 464 379 in
477 338 564 379 me
579 318 893 399 proferebat
904 316 1109 377 officia.
1154 318 1358 395 quibus
1386 335 1495 393 ego
1512 336 1605 375 re·

399 406 534 479 bus,
561 404 806 482 judices,
839 404 921 462 ita
942 403 1193 463 flectebar
1212 404 1406 463 animo
1436 417 1609 481 atque

398 490 715 569 frangebar,
743 504 807 549 ut
835 488 1001 549 etiam
1032 508 1107 548 ex
1134 490 1427 563 memoriaj
1466 507 1605 569 quas

401 574 648 657 mihiipfi
667 576 871 635 fecerat
890 572 1135 649 infidias,
1156 574 1521 653 deponeretur
1546 589 1610 635 ut

397 664 518 743 jam
545 660 836 723 immiss'um
857 660 961 721 esse
984 662 1053 719 ab
1068 680 1136 720 eo
1162 666 1231 720 C.
1250 660 1603 737 Cornelium,

401 750 500 827 qui
517 752 677 809 mein
691 728 907 807 sedibus
922 748 1079 822 meis,
1111 747 1171 805 in
1186 744 1487 825 conspeetu
1502 766 1607 806 ux·

392 837 518 901 oris
555 854 708 896 meae
737 854 800 893 ac
832 832 1132 892 liberorum
1152 852 1406 891 meorum
1436 834 1611 893 truci·

399 920 582 996 daret,
609 918 979 981 obliviscerer.
1027 936 1167 996 quae
1194 915 1235 977 fi
1264 917 1336 976 de
1367 938 1491 978 uno
1522 938 1607 978 me

403 1004 710 1085 cogitasset·
732 1024 844 1084 qua
857 1003 1093 1065 mollitia
1106 1000 1221 1063 sum
1246 1005 1423 1063 animi
1450 1026 1517 1067 ac
1535 1004 1611 1063 le·

405 1095 604 1167 nitate,
633 1108 920 1171 nunquam
938 1089 1243 1149 mehercule
1255 1088 1411 1149 dhus
1435 1090 1611 1171 lacry-

407 1181 514 1240 mis
531 1200 596 1239 ac
615 1178 869 1259 precibus
884 1173 1199 1235 restitiffem.
1230 1173 1342 1251 sed,
1360 1198 1495 1237 cum
1514 1178 1615 1237 mi.

406 1268 468 1325 hi
490 1267 720 1346 patriae,
747 1281 877 1323 cum
891 1260 1195 1322 vestrorum
1210 1262 1614 1341 periculorum,

407 1372 533 1412 cum
546 1350 711 1429 hujus
733 1348 910 1422 urbis,
938 1368 1066 1407 cum
1090 1346 1319 1407 illorum
1346 1348 1615 1409 delubro·

407 1458 532 1497 rum
555 1438 720 1516 'atque
751 1432 1106 1514 templorum,
1144 1452 1271 1493 cum
1308 1451 1615 1514 puerorum

407 1522 730 1595 infantium,
755 1540 886 1581 cum
916 1534 1293 1601 matronarum
1328 1540 1401 1580 ae
1440 1524 1617 1600 virgi·

411 1628 546 1670 num
562 1610 816 1669 veniebat
829 1608 892 1667 iu
906 1620 1228 1666 mentemzet
1242 1626 1374 1667 cum
1390 1606 1523 1667 illae
1536 1609 1620 1667 in-

411 1694 571 1756 festae
608 1714 673 1754 ac
702 1691 945 1753 fimestae
970 1690 1139 1769 faces,
1184 1690 1625 1777 universumque

412 1784 588 1841 totius
611 1781 762 1841 urbis
794 1778 1139 1852 incendium,
1168 1798 1293 1838 cum
1318 1778 1463 1853 tela,
1494 1802 1624 1841 cum

412 1866 628 1943 caedes,
651 1885 774 1925 cum
791 1866 997 1925 civium
1012 1884 1198 1940 cruor,
1212 1882 1339 1922 cum
1356 1866 1512 1926 cinis
1530 1888 1626 1947 pa·

413 1956 551 2013 triae
566 1950 766 2012 versari
789 1965 917 2009 ante
932 1950 1151 2025 oculos,
1174 1965 1341 2029 atque
1364 1953 1629 2013 animum

411 2039 679 2101 memorii
696 2035 949 2101 refricare
958 2051 1361 2114 coeperatztum
1376 2037 1630 2119 denique

415 2128 468 2185 ei
497 2122 816 2197 refistebam,
845 2141 1027 2201 neque
1058 2120 1231 2183 solum
1265 2120 1346 2179 illi
1376 2122 1533 2183 hosti
1564 2145 1631 2183 ac

413 2209 738 2292 parricidae,
753 2206 843 2267 fed
864 2210 951 2267 his
968 2209 1131 2267 etiam
1152 2208 1497 2288 propinquis
1519 2210 1635 2271 illi-

415 2318 482 2356 us
508 2294 811 2367 Marcellis,
825 2294 972 2375 patri
986 2308 1045 2353 et
1062 2292 1201 2368 filio,
1216 2312 1470 2372 quorum
1486 2296 1633 2356 alter

414 2380 562 2459 apud
591 2398 680 2440 me
700 2379 945 2459 parentis
966 2380 1317 2456 gravitatem,
1348 2378 1503 2441 alter
1524 2382 1635 2442 filii

415 2466 738 2528 suavitatem
759 2465 1069 2527 obtinebat:
1086 2484 1265 2546 neque
1276 2484 1369 2539 me
1382 2467 1635 2531 arbitra·
