1709 3042
537 160 998 219 P-SYLLA.
1253 176 1361 233 401

169 274 232 321 te
253 254 518 321 adduftus
547 256 967 319 advocationem
998 258 1279 319 hominis’
1264 278 1367 321 ιω*

169 345 469 429 probiffimi
483 342 606 403 sella
627 343 828 415 curuli,
849 360 1015 424 atque
1028 346 1371 405 ornamentis

171 448 230 493 et
258 432 393 506 suis,
421 446 482 491 et
503 428 820 495 consulatfis
851 432 1196 493 honestavit·
1235 432 1368 511 quid

97 564 110 577 ,
173 519 272 593 est,
303 518 660 597 quamobrem
681 516 1017 592 consulares,
1050 521 1147 597 qui
1178 518 1373 577 Catili·-

172 625 281 667 nae
295 603 614 679 adfuerunt,
629 603 1126 683 reprehendantur?
1139 620 1195 663 at
1210 604 1376 665 iidem

171 694 268 767 iis,
291 692 392 770 qui
419 706 548 749 ante
569 694 720 751 hunc
741 689 953 751 causam
978 690 1047 751 de
1068 692 1375 769 conjurati·

173 798 286 839 one
299 777 589 851 dixerunt,
605 798 722 837 non
741 777 1057 837 adfuerunt.
1089 792 1251 837 tanto
1264 774 1373 837 sce·

171 864 288 925 lere
299 861 564 923 adstrictis
587 865 932 938 hominibus,
956 863 1261 923 statuerunt
1288 865 1375 923 ni·

170 950 252 1013 hil
267 972 300 1009 a
313 948 368 1009 se
389 950 478 1027 adj
487 951 717 1025 umenti,
741 948 883 1010 nihil
898 952 1047 1029 opiS,
1060 948 1203 1009 nihil
1218 950 1375 1009 auxi·

169 1038 238 1098 lii
265 1036 400 1096 ferri
431 1051 709 1114 oportere.
755 1052 945 1114 atque,
976 1052 1039 1095 ut
1076 1035 1147 1095 de
1182 1056 1375 1097 eorum

171 1120 486 1184 constantia
507 1137 676 1200 atque
691 1125 882 1181 animo
904 1124 963 1181 in
986 1124 1375 1202 rempublicam

171 1208 379 1281 dicam,
396 1227 634 1286 quorum
652 1210 819 1267 tacita
831 1210 1073 1285 gravius
1088 1224 1145 1267 et
1158 1207 1291 1268 fides
1306 1209 1375 1268 de

172 1314 522 1373 unoquoque
543 1294 816 1371 loquitur,
848 1314 1029 1371 neque
1058 1293 1379 1372 cujusquam

171 1393 508 1444 ornamenta
541 1382 819 1439 orationis
855 1378 1155 1440 defiderat=
1196 1378 1373 1459 potest

173 1465 468 1548 quisquam
487 1465 666 1527 dicere
688 1487 934 1547 unquam
954 1465 1234 1537 meliores,
1264 1466 1379 1527 for·

170 1556 385 1626 tiores,
415 1551 816 1613 constantiores
849 1551 1161 1614 consulares
1192 1551 1379 1629 fuiffe,

170 1660 344 1719 quam
372 1639 438 1698 iis
471 1641 832 1717 temporibus,
870 1654 925 1698 et
955 1638 1237 1717 periculis,
1260 1642 1383 1717 qui·

169 1728 280 1785 bus
312 1729 454 1804 pen&
483 1723 729 1805 oppressa
757 1724 832 1785 est
869 1722 1211 1803 respublica?
1247 1727 1374 1804 quis

173 1830 298 1871 non
312 1809 378 1869 de
393 1813 674 1870 communi
692 1809 865 1871 salute
880 1810 1221 1889 apertisime,
1246 1811 1375 1887 quis

176 1916 300 1955 non
322 1894 620 1972 fortissime,
653 1899 778 1976 quis
811 1918 931 1957 non
964 1894 1381 1955 constantiffime

171 1980 366 2042 senfit.
353 1984 373 2023 Ρ
399 2003 577 2061 neque
591 2004 700 2060 ego
720 1986 1009 2063 praecipue
1033 1981 1105 2041 de
1124 1980 1377 2041 consula-

173 2070 332 2129 ribus
347 2067 582 2147 disputo.
612 2090 740 2129 nam
757 2073 889 2130 haec
903 2085 961 2128 et
975 2069 1261 2127 hominum
1282 2089 1379 2129 οε·

173 2153 596 2229 ῃειῑὶίῐίιυοτυῐη,
617 2158 716 2235 qui
746 2172 1028 2235 praetores
1044 2153 1291 2228 fuerunt,
1318 2168 1377 2215 et

170 2239 416 2301 univerfi
438 2240 656 2301 senatus
687 2244 1000 2301 communis
1022 2239 1098 2299 est
1128 2241 1285 2299 laus.
1312 2256 1377 2299 ut

170 2324 406 2401 constet,
435 2327 552 2406 post
575 2332 863 2389 hominum
886 2328 1205 2387 memoriam
1223 2347 1375 2385 nun·

171 2432 342 2492 quam
355 2415 418 2471 in
435 2414 532 2474 illo
548 2414 742 2474 ordine
755 2404 880 2494 plus
896 2415 1143 2486 virtutis,
1167 2413 1293 2491 plus
1308 2432 1371 2470 a·

170 2498 348 2561 moris
375 2500 440 2561 in
477 2500 889 2583 rempublicam,
920 2498 1043 2580 plus
1076 2499 1379 2578 gravitatis·
