1709 3042
391 171 510 231 'IN
537 137 1180 229 L.CAT1L1NAM.
1288 187 1399 249 ·1-5·1

191 267 512 344 haelitaret,
536 290 660 329 cum
675 283 975 342 teneretur3
996 264 1251 347 quaelivi,
1270 269 1407 347 quid

191 356 480 417 dubitaret
509 376 578 415 eo
607 352 900 435 proficisci,
942 373 1056 432 quo
1071 352 1405 433 jampridem

193 458 444 522 pararat:
463 462 591 501 cum
607 461 903 515 arma,cum
920 438 1151 514 secures,
1162 460 1291 499 cum
1299 439 1405 501 fas-

187 540 314 602 *ce8,
337 548 468 587 cum
485 530 666 600 tubae,
683 548 807 587 cum
821 524 972 605 figna
988 526 1259 600 militaria,
1276 548 1403 593 cum

195 613 464 692 Aquilam
481 612 628 671 illam
653 627 986 690 argenteam,
1011 613 1097 672 cui
1122 611 1213 669 ille
1232 616 1401 675 etiam

191 696 496 759 sacrarium
513 697 768 758 scelerum
780 697 933 757 domi
944 696 1064 758 suae
1074 697 1401 773 fecerat,sci·

193 805 316 845 rem
340 782 445 843 else
468 780 825 865 praemiffam.
872 784 935 843 in
966 784 1189 843 exilium
1212 785 1398 862 ejicie-

191 872 352 945 bam,
375 890 538 949 quem
548 874 664 948 jam
689 868 983 947 ingressum
995 867 1103 929 effe
1122 873 1183 930 in
1199 870 1405 933 bellum

191 956 482 1016 videbam?
496 958 723 1031 etenim,
733 955 1151 1029 cred0,Mallius
1166 954 1260 1017 iste
1272 977 1405 1019 cen·

192 1045 374 1117 turin,
397 1045 493 1123 qui
517 1044 578 1101 in
599 1062 736 1119 agro
759 1041 1024 1101 Fesulano
1046 1040 1215 1101 castra
1239 1040 1403 1120 posu·

191 1130 266 1201 it,
292 1128 500 1189 bellurn
531 1127 742 1208 populo
769 1135 1024 1189 Romano
1048 1126 1146 1187 suo
1166 1132 1404 1190 nomine

193 1214 490 1273 indhtittet
505 1215 598 1273 illa
615 1212 782 1272 castra
797 1235 949 1275 nunc
964 1235 1083 1275 non
1101 1214 1401 1277 Catilinam

191 1300 396 1360 ducem
411 1305 724 1379 expectanta
755 1314 812 1357 et
832 1299 925 1359 ille
947 1301 1149 1378 ejeftus
1166 1303 1224 1360 in
1240 1302 1401 1363 exili·

193 1407 320 1460 um,
345 1384 396 1445 se
421 1385 722 1461 Maffiliam,
749 1402 811 1444 ut
833 1388 1014 1460 aiunt,
1038 1408 1157 1446 non
1178 1389 1240 1447 in
1264 1392 1398 1447 haee

139 1489 172 1535 7
194 1471 374 1532 castra
396 1472 663 1533 conferet.
769 1482 816 1531 O
842 1473 1223 1533 conditionem
1240 1472 1402 1533 mist.-

194 1578 344 1632 ram,
373 1580 488 1619 non
513 1558 682 1621 modo
705 1558 1178 1632 administrandae,
1210 1580 1403 1623 verum

193 1647 372 1705 etiam
393 1643 800 1705 conservandae
825 1645 1181 1723 reipublicae!
1218 1667 1393 1722 nunc,

193 1729 239 1791 fi
271 1738 338 1791 L.
361 1730 622 1802 Catilina,
641 1729 904 1804 confinis,
925 1730 1227 1804 laboribus,
1252 1734 1398 1813 peri·

195 1817 341 1875 culis
377 1818 514 1875 meis
545 1815 931 1875 circumclusus
961 1838 1025 1875 ac
1060 1817 1401 1895 debilitatum,

193 1899 382 1961 subito
405 1903 763 1979 pertimuerit,
801 1900 1127 1963 sententiam
1150 1920 1396 1964 mutave·

195 1988 297 2061 rit,
323 1985 614 2047 deseruerit
631 1985 777 2061 suos,
801 1988 1085 2049 confilium
1108 1988 1239 2051 belli
1260 1990 1392 2050 faci·

193 2072 330 2133 endi
353 2072 634 2149 abjecerit,
663 2092 735 2133 ex
757 2078 864 2135 hoc
888 2074 1043 2135 cursu
1067 2074 1304 2149 sceleris,
1332 2090 1393 2137 et

193 2157 350 2231 belli,
387 2160 494 2218 iter
521 2159 590 2219 ad
621 2160 826 2236 figam,
874 2176 1041 2239 atque
1068 2164 1125 2221 in
1166 2162 1399 2223 exilium

195 2246 538 2305 converterit
555 2268 573 2305 z
599 2264 717 2305 non
751 2246 842 2307 ille
869 2268 899 2305 a
924 2265 1011 2305 me
1032 2246 1291 2326 spoliatus
1309 2268 1397 2307 ar-

195 2332 306 2390 mis
327 2328 603 2405 audaciae,
625 2352 744 2391 non
768 2331 1163 2410 obstupefaetus
1185 2354 1249 2394 ae
1271 2354 1397 2414 per·

195 2418 427 2475 territus
449 2436 570 2475 mea
599 2417 903 2494 diligentia,
934 2438 1053 2477 non
1082 2419 1149 2479 de
1182 2417 1273 2499 spe
1296 2440 1395 2479 co·

193 2516 448 2581 natuque
469 2500 744 2582 depulsus,
778 2501 870 2563 sed
898 2502 1272 2583 indemnatus,
1304 2507 1399 2567 in-
