1709 3042
343 113 498 234 ‘196
649 161 1259 220 ·0RAT10·rv.

377 273 562 320 catum
593 255 696 318 elle
723 258 890 318 dixit.
932 279 1197 338 quorum,
1232 258 1395 339 quod
1428 255 1587 320 {imile
1696 297 1698 322 ⁴

377 346 612 406 factum?
645 343 798 424 quod
819 346 1020 404 initum
1034 344 1304 406 delendae
1326 349 1410 406 rei
1415 347 1586 427 publi-

375 452 474 491 cae
489 428 805 491 confilium?
832 429 1149 508 largitionis
1173 431 1451 492 voluntas
1474 448 1584 492 tum

377 521 440 577 in
457 517 735 596 republica
749 515 963 576 versata
974 516 1071 592 est,
1086 533 1139 576 et
1156 521 1405 597 partium
1422 539 1583 598 quae-

377 605 503 664 dam
533 605 847 664 contentio.
897 619 1063 682 atque
1084 603 1185 662 ilio
1206 619 1467 683 tempore
1484 608 1579 664 hu·

369 691 468 768 jus
488 709 626 749 avus
645 689 897 762 Lentuli,
920 689 1231 748 clariffimus
1256 692 1371 765 vir,
1404 711 1579 750 arma-

377 794 468 836 tus
509 781 824 836 Gracchum
851 775 926 834 est
960 775 1275 855 perstcutus
1300 797 1319 834 z
1358 777 1455 836 ille
1480 780 1579 835 eti-

374 883 462 922 am
479 883 645 940 grave
661 877 778 920 tum
794 861 997 920 vulnus
1014 864 1249 940 accepit,
1274 882 1349 921 ne
1362 863 1503 942 quid
1518 864 1581 923 de

373 947 580 1008 summa
590 949 858 1026 dignitate
868 948 1199 1026 reipublicae
1210 950 1576 1010 minueretur.

377 1036 466 1094 hic
495 1033 564 1094 ad
602 1033 902 1093 evertenda
929 1032 1289 1093 fundamenta
1320 1037 1578 1114 reipubli-

373 1141 470 1182 cae
493 1120 687 1180 Gallos
705 1119 992 1193 arcessivit,
1009 1117 1228 1178 servitia
1248 1123 1579 1196 concitavit,

372 1206 963 1280 Catilinamevocavit‚
984 1208 1235 1266 attribuit
1264 1225 1377 1265 nos
1408 1211 1577 1268 truci·

373 1293 590 1354 dandos
621 1295 894 1369 Cethego,
922 1307 1167 1351 caeteros
1191 1293 1345 1350 cives
1368 1293 1577 1356 interfi-

367 1379 602 1442 ciendos
627 1380 896 1451 Gabinio,
926 1379 1115 1436 urbem
1132 1379 1578 1440 inflammandam

368 1465 752 1540 Cassio,totam
763 1463 977 1524 Italiam
989 1463 1308 1525 vastandam
1318 1465 1579 1546 diripien-

371 1553 608 1632 damque
619 1550 913 1610 Catilinae.
938 1553 1266 1625 vereamini,
1278 1551 1502 1628 censeo,
1512 1571 1581 1610 ne

368 1642 431 1699 in
463 1643 571 1699 hoc
601 1634 796 1696 scelere
831 1655 947 1696 tam
980 1639 1209 1696 immani
1240 1657 1305 1696 ac
1336 1638 1581 1697 nefando

369 1725 538 1786 nimis
555 1723 764 1802 aliquid
780 1722 965 1783 severe
988 1721 1217 1782 statuisse
1233 1723 1539 1784 videamini
1554 1747 1575 1794 ς

363 1832 498 1872 cum
511 1810 691 1870 multo
707 1811 883 1887 magis
890 1807 957 1868 fit
970 1808 1375 1883 verendum,ne
1388 1809 1578 1870 remis·

370 1897 520 1958 fione
542 1916 756 1977 poenae
779 1894 1025 1954 crudeles
1040 1895 1099 1953 in
1126 1897 1381 1974 patriam,
1406 1916 1579 1975 quam

367 2005 445 2044 ne
467 1981 756 2044 severitate
775 1978 1264 2040 animadverfionis
1288 1984 1463 2041 nimis
1484 2003 1580 2042 ve·

371 2075 654 2130 hementes
673 2066 734 2127 in
753 2067 1111 2128 acerbissimos
1128 2065 1305 2125 hostes
1320 2065 1481 2126 suiss’e
1494 2069 1579 2128 vi·

370 2156 617 2217 damur.
758 2152 877 2212 Sed=
894 2173 1035 2231 quae
1063 2151 1303 2212 exaudio
1318 2195 1339 2226 ,
1382 2159 1577 2213 Patres
1596 2181 1619 2224 7

369 2239 695 2319 conscripti,
717 2237 1039 2300 diffimulare
1054 2259 1173 2300 non
1188 2237 1428 2318 poffum.
1455 2240 1575 2318 jac·

369 2341 559 2384 tantur
580 2328 731 2384 enim
753 2343 946 2398 voces,
972 2344 1115 2402 quae
1138 2327 1481 2403 perveniunt
1508 2325 1579 2386 ad

365 2429 526 2468 aures
566 2429 750 2483 meaa,
784 2429 981 2468 eorum
995 2451 1015 2483 ‚
1048 2411 1146 2487 qui
1170 2413 1351 2469 vereri
1378 2410 1575 2472 viden·

365 2508 482 2568 tur,
497 2507 562 2550 ut
577 2495 805 2554 habeam
823 2491 1308 2579 satimpraefidiiad
1320 2517 1411 2573 ea,
1434 2515 1579 2577 quae
