1709 3042
487 186 548 241 P.
589 186 622 241 S
648 186 700 241 Y
724 187 774 241 L
799 186 849 241 L
876 188 945 241 A.
1200 184 1273 261 38
1279 202 1313 259 5

109 276 248 339 iliud
265 296 432 357 quam
449 277 796 338 incredibile?
815 298 982 358 quam
1000 276 1321 340 absurdum?

111 368 212 445 qui
237 372 449 424 Romae
481 364 696 423 caedem
720 365 917 439 facere,
949 368 1045 443 qui
1068 369 1210 427 hanc
1226 388 1323 426 ur·

111 456 240 512 bem
260 452 598 510 inflammare
621 450 807 527 vellet,
835 472 961 509 eum
984 452 1323 513 familiariffi·

113 558 270 597 mum
288 536 440 597 suum
457 537 732 597 dimittere
749 540 816 597 ab
834 536 967 611 se‚et
984 538 1241 598 mandare
1258 542 1322 601 in

114 625 343 685 uitimas
369 638 539 681 terras
563 625 586 683 ἓ
617 640 802 683 utrum
826 643 941 704 quo
966 623 1177 684 facilius
1202 632 1322 685 Ro-

113 732 240 772 mae
270 730 356 784 ea,
389 730 530 789 quae
558 712 883 785 conabatur,
906 710 1170 788 efficeret,
1194 711 1230 771 fi
1260 714 1323 773 in

115 795 394 876 Hispania
409 797 690 855 turbatum
706 794 863 855 effet?
884 812 938 855 at
954 798 1087 857 haec
1104 797 1215 879 ipsa
1225 820 1324 881 per

115 884 170 943 se
183 882 302 943 fine
317 882 431 941 ulla
455 882 850 959 conjunffione
882 886 1201 961 agebantur.
1249 907 1324 947 an

112 972 173 1029 in
193 970 377 1029 tantis
402 971 586 1039 rebus,
611 984 725 1027 tam
743 974 908 1028 novis
925 970 1188 1045 consiliis,
1206 985 1323 1033 tam

111 1053 462 1137 periculosis,
475 1070 585 1113 tam
601 1055 957 1130 turbulentis,
968 1059 1247 1117 hominem
1264 1080 1323 1117 a·

111 1140 506 1201 mantiffimum
528 1138 630 1214 sui,
667 1140 1150 1218 familiarissimum‚
1182 1164 1325 1205 eon-

103 1226 504 1307 junaestissimum
523 1226 744 1302 officiiS‚
766 1225 887 1303 usu,
906 1228 1325 1307 consuetudine,

109 1312 513 1376 dimittendum
529 1311 633 1373 esse
649 1315 1035 1374 arbitraretur?
1058 1316 1324 1376 verifimi-

110 1401 162 1461 le
195 1420 323 1461 non
347 1398 444 1475 est,
478 1414 562 1474 ut,
587 1413 750 1479 quem
771 1402 832 1458 in
866 1399 1113 1462 secundis
1138 1405 1325 1480 rebuS,

110 1506 286 1566 quem
327 1486 386 1544 in
423 1488 544 1545 otio
581 1485 760 1546 secum
797 1485 1003 1568 semper
1040 1489 1327 1565 habuisset,

108 1576 272 1633 hunc
291 1574 350 1629 in
369 1570 626 1647 adversm„
641 1574 770 1631 etin
787 1594 855 1631 eo
876 1575 1142 1652 tumultu,
1158 1596 1324 1656 quem

112 1658 232 1741 ipse
262 1660 639 1737 comparabat,
663 1661 730 1717 ab
759 1658 814 1717 fe
841 1660 1162 1721 dimitteret.
1210 1663 1325 1743 ipse

110 1761 308 1804 autem
329 1746 560 1805 Cincius
585 1742 736 1815 (non
757 1747 905 1805 enim
925 1749 1055 1805 mihi
1076 1746 1325 1808 deseren-

109 1832 188 1891 da
213 1829 294 1889 est
317 1830 470 1889 causa
503 1833 664 1891 amici
683 1834 922 1907 metetis,
950 1848 1115 1911 atque.
1140 1834 1327 1915 hospi·

111 1920 230 1993 tis)
255 1917 302 1974 is
327 1919 495 1976 homo
517 1918 613 1991 est,
643 1933 737 1977 aut
753 1939 816 1977 ea
829 1917 1059 1995 familia,
1084 1941 1145 1980 ac
1162 1920 1326 1981 disci-

109 2004 366 2085 plinamt
379 2006 488 2063 hoc
505 2004 650 2062 credi
668 2004 981 2084 possit,eum
998 2006 1202 2067 bellum
1220 2011 1326 2067 rei·

109 2089 374 2171 publicae
396 2088 570 2148 facere
585 2090 842 2151 voluiffe?
870 2108 954 2166 ut,
974 2093 1129 2173 cujus
1146 2110 1326 2173 pater,

110 2196 249 2235 cum
267 2177 463 2235 caeteri
485 2175 778 2235 deficerent
802 2177 1025 2237 finitimi
1052 2200 1114 2237 ac
1132 2182 1329 2255 vicini,

108 2260 380 2338 fingulari
409 2262 654 2319 extiterit
685 2265 743 2321 in
776 2264 1165 2343 rempublicam
1196 2265 1327 2325 nos·-

109 2366 264 2407 tram
291 2346 480 2406 officio
497 2362 551 2405 et
572 2347 700 2423 fide,
732 2351 780 2407 is
803 2349 897 2409 fibi
916 2350 1184 2410 nefarium
1210 2352 1327 2411 bel·

108 2436 235 2494 lum
275 2448 472 2491 contra
500 2437 729 2512 patriam
751 2434 1145 2515 suscipiendum
1162 2452 1325 2516 puta-

109 2520 230 2581 ret?
249 2520 412 2598 cujus
429 2540 522 2581 aes
537 2520 778 2581 alienum
795 2523 1067 2601 uidemus,
1084 2524 1327 2605 JudiceS,
