1709 3042
283 155 402 227 276
475 170 750 214 oxu-10
773 169 909 212 no
934 169 989 210 ι.
1012 168 1338 212 munsteri.

281 270 498 326 renam,
521 251 708 312 nuntii
721 248 1025 327 literaeque
1038 248 1429 327 celebraffent,
1447 266 1503 309 et

284 335 437 396 unde
477 335 719 417 hospites
755 351 925 416 atque
954 337 1120 397 amici
1158 339 1505 416 gratulatum

285 428 528 484 Romam
549 423 959 496 concurrerint,
997 438 1229 504 repente
1252 428 1335 484 εὸ
1350 443 1507 484 acce-

286 507 390 570 dat
411 507 524 588 ipse
547 511 780 568 nuntius
795 506 923 568 suae
937 507 1275 569 calamitatis
1300 513 1326 570 ἓ
1368 529 1515 590 quae

287 593 331 654 fi
351 597 568 670 acerba,
589 593 628 654 fi
643 591 860 669 misera,
882 591 923 654 fi
944 593 1191 654 luftuosa
1212 595 1377 674 sunt,
1398 595 1513 656 fia-

289 680 574 742 lieniffima
595 702 628 740 a
641 678 1081 755 mansuetudine,
1104 697 1165 740 et
1188 681 1517 742 misericor-

289 767 384 828 dia
419 765 617 840 vestra,
648 765 914 843 Judicest
948 764 1279 827 conservate
1312 768 1517 847 populi

295 855 539 916 Romani
553 851 881 914 beneficium
896 875 915 912 t
938 851 1149 912 reddite
1170 854 1519 933 reipublicae

257 961 269 966 ·
295 937 610 1002 consulem:
641 937 770 998 date
793 943 907 998 hoc
928 936 1097 1020 ipfius
1126 939 1367 1018 pudori,
1390 940 1521 1000 date

295 1027 442 1106 patri
457 1041 705 1100 mortuo,
719 1025 846 1086 date
860 1026 1047 1104 generi
1062 1040 1119 1084 et
1136 1025 1411 1100 familiae,
1420 1027 1521 1088 da-

297 1127 356 1174 te
377 1113 543 1172 etiam
568 1113 851 1188 Lanuvio,
882 1112 1193 1190 municipio
1208 1112 1521 1172 honestiffi-

296 1219 418 1260 mo:
459 1197 614 1278 quod
643 1199 704 1258 in
733 1201 839 1258 hac
869 1213 991 1258 tota
1026 1194 1187 1258 causa
1222 1196 1519 1278 frequent,

298 1283 677 1364 moestumque
700 1283 931 1345 vidistis.
976 1282 1157 1344 nolite
1174 1303 1211 1342 a
1229 1281 1404 1344 sacris
1418 1306 1517 1366 pa·

301 1372 426 1433 triis
441 1372 686 1446 Junonis
703 1367 969 1449 Sospitae,
984 1371 1077 1428 cui
1090 1389 1295 1430 omnes
1308 1369 1517 1432 consu-

299 1457 384 1520 les
407 1455 584 1516 facere
599 1453 808 1516 necesse
823 1455 925 1530 est,
945 1453 1331 1536 domesticum,
1354 1472 1417 1520 et
1430 1456 1517 1520 fii-

301 1563 399 1606 um
415 1539 696 1604 consulem
719 1542 1047 1622 potissimum
1062 1541 1323 1604 avellere.
1352 1564 1519 1624 quem

303 1649 412 1709 ego
440 1630 629 1703 vobiS,
665 1626 704 1688 fi
739 1627 875 1708 quid
902 1631 1069 1688 habet
1104 1644 1207 1688 ant
1240 1631 1521 1690 momenti

305 1713 740 1789 commendatio,
755 1730 850 1774 aut
864 1716 1207 1776 auetoritatis
1220 1716 1521 1776 confirma-

307 1803 392 1864 tio
423 1821 567 1875 mea,
597 1799 791 1860 consul
813 1799 1121 1877 consulem,
1151 1801 1407 1878 Judices,
1442 1804 1521 1862 ita

306 1886 660 1961 commendo,
678 1903 742 1946 ut
755 1887 1153 1966 cupidissimum
1166 1889 1297 1962 otii,
1312 1887 1519 1948 studio-

306 1973 556 2037 fissimum
571 1976 873 2046 bonorum,
886 1975 1209 2033 acerrimum
1223 1990 1431 2036 contra
1438 1972 1515 2032 se-

308 2061 604 2134 ditionem,
625 2057 967 2127 fortiffimum
984 2061 1046 2118 in
1062 2059 1233 2135 bello,
1250 2057 1515 2120 inimicis-

308 2146 502 2208 fimum
511 2147 634 2206 huic
649 2145 780 2222 conj
789 2147 1197 2226 urationi,quae
1210 2167 1367 2207 nunc
1377 2165 1515 2206 rem-

309 2232 582 2314 publicam
592 2231 710 2290 labe
715 2229 1149 2307 faetatssututum
1162 2230 1266 2294 effe
1279 2234 1515 2314 promit-

309 2334 450 2393 tam,
475 2332 532 2375 et
555 2314 874 2395 spondeam.
