1709 3042
325 162 430 241 ηε
565 150 578 195 ῖ
649 162 1081 219 οΚΑΤῙο
1142 156 1295 220 1.‘-

304 260 535 321 domum
549 280 783 319 vacuam
805 258 1036 337 feciffies,
1061 282 1255 322 nonne
1270 264 1444 324 etiam
1463 285 1533 325 a·

303 346 396 407 lio·
409 346 718 406 incredibili
747 346 947 407 scelere
979 351 1087 407 hoc
1118 346 1294 408 scelus
1325 370 1532 411 cumn·-

301 432 452 494 lasti?
466 433 619 513 quod
635 456 741 513 ego
759 429 1165 515 praetermitto,
1176 450 1231 494 et
1245 434 1409 496 Facile
1424 458 1531 519 pa-

306 522 421 581 tior
435 517 598 596 fileri,
612 542 684 579 ne
698 524 759 581 in
777 524 880 581 hac
896 523 1125 581 civitate
1142 524 1288 581 tanti
1302 522 1529 584 facino·-

303 608 386 667 τῖε
408 608 722 667 immanitas
745 624 842 667 ant
857 604 1116 683 extitiffe,
1138 622 1237 667 aut
1252 629 1376 669 non
1392 610 1529 670 vih-
1588 612 1603 621 ”

279 692 483 766 ‚dicata
495 690 598 753 effe
612 694 885 754 videatur.
918 696 1309 775 praetermitto
1330 698 1525 757 ruinas

306 780 660 843 fortunarum
676 795 919 855 tuarum,
932 800 1069 861 quas
1086 802 1288 841 omnes
1304 784 1527 863 impen-

307 860 438 927 dere
459 868 560 926 tibi
577 870 854 949 proximis
868 868 1049 927 idibus
1070 856 1295 929 senties.
1346 870 1419 930 ad
1435 869 1529 930 illa

303 956 498 1029 venio,
525 972 668 1034 quae
691 974 812 1037 non
833 954 904 1015 ad
928 956 1201 1036 privatam
1220 957 1529 1033 ignomini-

309 1060 398 1101 am
428 1041 698 1101 vitiorum
729 1056 979 1117 tuorum,
1010 1062 1132 1102 non
1164 1042 1235 1101 ad
1266 1042 1529 1103 domesti-

307 1148 430 1188 cam
447 1142 597 1187 tuam
621 1127 1003 1188 difficultatem
1018 1149 1083 1189 ae
1096 1128 1529 1209 turpitudinem,

305 1212 400 1277 sed
415 1213 484 1273 ad
500 1212 760 1275 summam
778 1216 854 1275 rei
857 1214 1107 1295 publicae
1109 1230 1304 1295 ,atque
1318 1216 1389 1276 ad
1402 1234 1530 1276 om-

311 1302 470 1363 nium
501 1298 749 1361 nostrfim
779 1302 956 1361 vitam
986 1300 1323 1382 salutemque
1350 1305 1528 1383 perti·

313 1401 475 1447 nent.
507 1385 755 1468 potestne
779 1389 879 1447 tibi
902 1388 1069 1465 hujus
1088 1389 1237 1447 vitae
1252 1393 1387 1448 haec
1401 1388 1526 1465 lux,

307 1472 570 1547 Catilina,
595 1488 690 1533 aut
710 1475 881 1551 hujus
904 1473 1050 1557 c‘oeli
1068 1471 1293 1555 spiritus
1308 1473 1527 1554 effeju-

308 1554 687 1633 candus,cum
703 1557 865 1635 scias,
875 1564 1075 1620 horum
1092 1558 1197 1621 effe
1212 1564 1523 1637 neminem,

307 1649 406 1731 qui
429 1644 655 1723 nesciat,
671 1662 727 1707 te
745 1646 925 1729 pridie
937 1646 1209 1709 kalendas
1222 1652 1523 1725 januarias

307 1730 546 1815 Lepido,
577 1749 634 1791 et
657 1734 836 1794 Tullo
861 1732 1202 1811 consulibus,
1238 1734 1435 1795 stetiffe
1457 1738 1521 1795 in

308 1821 540 1883 comitio
565 1814 698 1893 'cum
729 1818 881 1880 telo?
918 1839 1167 1899 manum,
1204 1820 1523 1898 consulum,

313 1922 370 1969 et
393 1906 705 1988 principum
737 1902 983 1967 civitatis
1016 1905 1528 1975 interficiendorum

315 1992 494 2071 causa,
511 1990 799 2073 paravisse?
818 1990 1001 2053 sceleri
1018 2013 1081 2053 ac
1095 1992 1271 2053 furori
1291 2009 1390 2054 tuo
1406 2014 1529 2054 non

238 2153 244 2160 ⁸
308 2096 552 2143 mentem
567 2077 827 2158 aliquam,
844 2095 939 2139 aut
956 2081 1213 2139 timorem
1230 2096 1411 2155 tuum,
1436 2079 1528 2140 {hd

279 2164 588 2229 'fortunam
621 2166 810 2245 populi
844 2169 1082 2227 Romani
1118 2164 1421 2227 obstitisse?
1456 2188 1523 2227 ac

308 2257 421 2333 jam
439 2253 528 2314 illa
545 2253 772 2313 omitto:
791 2272 971 2333 neque
988 2254 1140 2311 enim
1158 2250 1287 2311 sunt
1304 2267 1401 2311 aut
1416 2254 1521 2313 ob·

309 2342 480 2414 scura,
517 2354 613 2399 aut
641 2359 761 2397 non
795 2340 967 2398 multa
996 2338 1179 2419 postea
1211 2336 1519 2399 commiffa.

313 2429 532 2507 quoties
557 2442 618 2483 tu
649 2444 736 2483 me
765 2424 1129 2503 designatum,
1170 2426 1396 2503 quoties
1430 2446 1523 2484 me

311 2509 591 2577 consulem
621 2508 927 2570 interficere
956 2525 1191 2570 conatus
1232 2511 1339 2571 es?
1378 2525 1525 2592 quot
