1709 3042
476 165 540 220 Ρ.
586 163 954 222 SYLLA.
1217 184 1330 246 357

110 253 253 318 huic
266 253 519 331 adsunts
502 277 567 317 ιιι
578 259 745 336 hujus
760 259 1008 339 periculo
1019 258 1332 336 declarant,

114 341 177 404 se
206 363 329 402 non
360 343 589 402 crimine
620 346 1054 422 conjurationis,
1079 366 1151 404 ne
1180 346 1332 408 ades

118 429 249 490 sent
262 429 514 505 caeteris,
522 427 618 490 sed
632 433 921 491 hominum
939 433 1231 508 maleficio,
1241 434 1335 493 de·

118 517 357 576 *territos
380 513 504 574 est.
534 517 643 575 mei
658 515 979 577 consulam:
994 535 1174 578 autem
1189 534 1332 578 tem·

120 621 261 683 pus,
278 616 337 660 et
352 603 559 662 crimen
574 605 849 663 maximae
871 603 1276 682 conjurationis
1299 627 1332 666 a

120 708 221 750 me
240 686 585 748 defendetur.
630 703 799 768 atque
812 692 960 749 inter
974 711 1083 750 nos
1104 689 1336 772 partitio

122 793 255 836 non
268 771 343 832 est
357 772 623 846 fortuiti),
636 774 880 851 judices,
889 795 994 836 nec
1008 792 1208 837 temere
1220 776 1336 838 fac-

122 877 232 920 ta:
268 857 388 934 sed,
412 879 539 919 cum
560 860 896 935 videremuS,
927 882 1118 922 eorum
1147 865 1335 924 erimi

126 966 273 1006 num
290 965 399 1006 nos
412 960 684 1024 patronos
700 947 1213 1026 adhibefi,quorum
1229 947 1336 1009 tes·

122 1049 223 1092 tes
238 1030 345 1091 effe
364 1028 661 1111 possemus,
679 1047 917 1112 uterque
933 1032 1181 1093 nostram
1199 1034 1252 1096 id
1268 1034 1340 1095 fi·

126 1121 197 1180 bi
220 1115 619 1196 suscipiendum
642 1121 886 1198 putavit,
907 1119 974 1178 de
995 1139 1110 1198 quo
1126 1120 1336 1202 aliquid

83 1235 111 1280 ς
126 1202 273 1266 scite
286 1201 400 1285 ipse
414 1217 581 1284 atque
594 1203 899 1267 existimare
912 1205 1190 1286 potuiffet.
1239 1213 1336 1286 Et,

122 1291 411 1371 quoniam
430 1289 501 1350 de
520 1291 843 1350 criminibus
875 1289 1165 1372 superioris
1198 1315 1338 1354 con-

126 1377 435 1456 jurationis
466 1374 819 1436 Hortenfium
842 1377 1134 1455 diligenter
1161 1379 1340 1440 audis-

132 1465 235 1538 tis,
264 1461 451 1522 dehac
472 1463 888 1540 conjuratione,
911 1483 1073 1544 quae,
1088 1485 1176 1524 me
1197 1485 1340 1526 con-

130 1547 283 1624 sule,
320 1549 459 1607 faeta
492 1547 598 1622 est,
634 1551 741 1608 hoc
773 1551 1012 1629 primum
1046 1552 1338 1613 attendite.

136 1635 339 1708 multa,
356 1653 480 1694 eum
496 1633 653 1694 essem
674 1632 891 1710 consul,
907 1635 976 1694 de
994 1634 1216 1696 summis
1233 1640 1340 1698 rei-

134 1721 391 1804 publicae
404 1721 657 1800 periculis
672 1719 880 1796 audivi,
895 1721 1064 1781 multa
1082 1722 1344 1802 quaefivi,

134 1807 321 1871 multa
342 1809 605 1883 cognovi.
650 1807 839 1866 nullus
853 1827 1100 1886 unquam
1114 1808 1184 1869 de
1198 1810 1343 1889 Sylla

136 1894 379 1954 nuntius
401 1893 472 1954 ad
492 1913 603 1968 me,
626 1893 839 1952 nullum
856 1893 1146 1969 indicium,
1162 1898 1342 1956 nullae

138 1979 337 2040 literae
350 1994 747 2059 pervenerunt,
762 1980 916 2039 nulla
929 1977 1179 2060 suspicio.
1200 1981 1342 2042 mul·

140 2082 268 2126 tum
288 2067 420 2125 haec
441 2085 561 2126 vox
584 2064 809 2126 fortass‘e
834 2064 1052 2126 deberet
1075 2067 1257 2126 valere
1284 2089 1344 2128 e

135 2153 239 2232 jus
271 2153 537 2226 hominis,
558 2153 657 2232 qui
680 2150 873 2211 consul
893 2141 1108 2210 infidia&
1125 2155 1343 2233 reipub

136 2238 284 2298 licae
298 2235 525 2298 confilio
540 2235 924 2316 investigasset,
953 2237 1186 2298 veritate
1218 2259 1345 2318 ape·

139 2321 354 2398 ruiss'et,
384 2322 765 2402 magnitudine
790 2325 962 2383 animi
995 2322 1344 2401 vindicasset,

134 2407 407 2490 cumipse
424 2409 561 2474 nihil
593 2407 793 2470 audisse
820 2408 890 2472 de
919 2416 984 2470 P.
1009 2409 1178 2490 Syna,
1206 2411 1347 2472 nihil

136 2493 470 2580 suspicatum
486 2493 589 2560 esse
604 2495 829 2560 diceret.
862 2493 952 2560 sed
964 2516 1072 2576 ego
1093 2495 1350 2562 nondum
