<?xml version="1.0" encoding="UTF-8"?>
<!DOCTYPE html PUBLIC "-//W3C//DTD XHTML 1.0 Transitional//EN"
    "http://www.w3.org/TR/xhtml1/DTD/xhtml1-transitional.dtd">
<html xmlns="http://www.w3.org/1999/xhtml" xml:lang="en" lang="en">
 <head>
  <title>
</title>
<meta http-equiv="Content-Type" content="text/html;charset=utf-8" />
  <meta name='ocr-system' content='tesseract 3.04.00' />
  <meta name='ocr-capabilities' content='ocr_page ocr_carea ocr_par ocr_line ocrx_word'/>
</head>
<body>
  <div class='ocr_page' id='page_1' title='image "./mtulliiciceroni06unkngoog_0399.png"; bbox 0 0 1709 3042; ppageno 0'>
   <div class='ocr_carea' id='block_1_1' title="bbox 562 180 1370 262">
    <p class='ocr_par' dir='ltr' id='par_1_1' title="bbox 562 180 1370 262">
     <span class='ocr_line' id='line_1_1' title="bbox 562 180 1370 262; baseline -0.002 -22"><span class='ocrx_word' id='word_1_1' title='bbox 562 185 1017 240; x_wconf 72' lang='lat' dir='ltr'>1².sYL1..A.</span> <span class='ocrx_word' id='word_1_2' title='bbox 1253 180 1370 262; x_wconf 77' lang='lat'>389</span> 
     </span>
    </p>
   </div>
   <div class='ocr_carea' id='block_1_2' title="bbox 96 279 1399 2607">
    <p class='ocr_par' dir='ltr' id='par_1_2' title="bbox 96 279 1399 2607">
     <span class='ocr_line' id='line_1_2' title="bbox 176 279 1375 355; baseline -0.004 -12"><span class='ocrx_word' id='word_1_3' title='bbox 176 281 347 344; x_wconf 79' lang='lat' dir='ltr'>salute</span> <span class='ocrx_word' id='word_1_4' title='bbox 376 279 593 342; x_wconf 82' lang='lat' dir='ltr'>suorum</span> <span class='ocrx_word' id='word_1_5' title='bbox 624 280 896 355; x_wconf 82' lang='lat' dir='ltr'>consulat,</span> <span class='ocrx_word' id='word_1_6' title='bbox 919 297 1266 339; x_wconf 85' lang='lat' dir='ltr'>communem</span> <span class='ocrx_word' id='word_1_7' title='bbox 1287 299 1375 338; x_wconf 86' lang='lat' dir='ltr'>re-</span> 
     </span>
     <span class='ocr_line' id='line_1_3' title="bbox 172 365 1373 450; baseline -0.003 -21"><span class='ocrx_word' id='word_1_8' title='bbox 172 371 415 450; x_wconf 86' lang='lat' dir='ltr'>linquat.</span> <span class='ocrx_word' id='word_1_9' title='bbox 442 367 582 427; x_wconf 82' lang='lat' dir='ltr'>nihil</span> <span class='ocrx_word' id='word_1_10' title='bbox 594 367 887 446; x_wconf 86' lang='lat' dir='ltr'>dejudicio</span> <span class='ocrx_word' id='word_1_11' title='bbox 905 365 1222 426; x_wconf 71' lang='lat' dir='ltr'>ferebattsed</span> <span class='ocrx_word' id='word_1_12' title='bbox 1238 385 1373 446; x_wconf 86' lang='lat' dir='ltr'>poe·</span> 
     </span>
     <span class='ocr_line' id='line_1_4' title="bbox 178 452 1383 532; baseline -0.004 -16"><span class='ocrx_word' id='word_1_13' title='bbox 178 475 311 516; x_wconf 87' lang='lat' dir='ltr'>nam</span> <span class='ocrx_word' id='word_1_14' title='bbox 342 456 574 516; x_wconf 81' lang='lat' dir='ltr'>ambitus</span> <span class='ocrx_word' id='word_1_15' title='bbox 604 475 723 514; x_wconf 79' lang='lat' dir='ltr'>eam</span> <span class='ocrx_word' id='word_1_16' title='bbox 758 454 996 530; x_wconf 82' lang='lat' dir='ltr'>ferebat,</span> <span class='ocrx_word' id='word_1_17' title='bbox 1033 472 1171 532; x_wconf 86' lang='lat' dir='ltr'>quae</span> <span class='ocrx_word' id='word_1_18' title='bbox 1209 452 1383 511; x_wconf 78' lang='lat' dir='ltr'>fuerat</span> 
     </span>
     <span class='ocr_line' id='line_1_5' title="bbox 181 539 1378 623; baseline -0.005 -21"><span class='ocrx_word' id='word_1_19' title='bbox 181 563 363 623; x_wconf 84' lang='lat' dir='ltr'>nuper</span> <span class='ocrx_word' id='word_1_20' title='bbox 378 540 739 621; x_wconf 87' lang='lat' dir='ltr'>superioribus</span> <span class='ocrx_word' id='word_1_21' title='bbox 755 541 966 619; x_wconf 84' lang='lat' dir='ltr'>legibus</span> <span class='ocrx_word' id='word_1_22' title='bbox 984 539 1299 600; x_wconf 84' lang='lat' dir='ltr'>constituta.</span> <span class='ocrx_word' id='word_1_23' title='bbox 1330 541 1378 596; x_wconf 89' lang='lat' dir='ltr'>i-</span> 
     </span>
     <span class='ocr_line' id='line_1_6' title="bbox 179 623 1380 707; baseline -0.002 -19"><span class='ocrx_word' id='word_1_24' title='bbox 179 644 349 707; x_wconf 87' lang='lat' dir='ltr'>taque</span> <span class='ocrx_word' id='word_1_25' title='bbox 377 631 478 687; x_wconf 86' lang='lat' dir='ltr'>hac</span> <span class='ocrx_word' id='word_1_26' title='bbox 502 630 811 704; x_wconf 85' lang='lat' dir='ltr'>rogatione,</span> <span class='ocrx_word' id='word_1_27' title='bbox 838 647 957 686; x_wconf 89' lang='lat' dir='ltr'>non</span> <span class='ocrx_word' id='word_1_28' title='bbox 973 627 1226 704; x_wconf 86' lang='lat' dir='ltr'>judicum</span> <span class='ocrx_word' id='word_1_29' title='bbox 1254 623 1380 685; x_wconf 88' lang='lat' dir='ltr'>sen-</span> 
     </span>
     <span class='ocr_line' id='line_1_7' title="bbox 179 713 1376 791; baseline -0.002 -17"><span class='ocrx_word' id='word_1_30' title='bbox 179 716 437 787; x_wconf 84' lang='lat' dir='ltr'>tentiam,</span> <span class='ocrx_word' id='word_1_31' title='bbox 454 713 541 772; x_wconf 90' lang='lat' dir='ltr'>sed</span> <span class='ocrx_word' id='word_1_32' title='bbox 563 714 701 790; x_wconf 82' lang='lat' dir='ltr'>legis</span> <span class='ocrx_word' id='word_1_33' title='bbox 714 717 912 774; x_wconf 87' lang='lat' dir='ltr'>vitium</span> <span class='ocrx_word' id='word_1_34' title='bbox 928 715 1252 791; x_wconf 86' lang='lat' dir='ltr'>corrigebat.</span> <span class='ocrx_word' id='word_1_35' title='bbox 1279 732 1376 772; x_wconf 88' lang='lat' dir='ltr'>ne-</span> 
     </span>
     <span class='ocr_line' id='line_1_8' title="bbox 179 799 1378 880; baseline -0.002 -20"><span class='ocrx_word' id='word_1_36' title='bbox 179 821 279 860; x_wconf 86' lang='lat' dir='ltr'>mo</span> <span class='ocrx_word' id='word_1_37' title='bbox 302 800 573 878; x_wconf 89' lang='lat' dir='ltr'>judicium</span> <span class='ocrx_word' id='word_1_38' title='bbox 598 799 965 880; x_wconf 84' lang='lat' dir='ltr'>reprehendit,</span> <span class='ocrx_word' id='word_1_39' title='bbox 995 821 1115 860; x_wconf 90' lang='lat' dir='ltr'>cum</span> <span class='ocrx_word' id='word_1_40' title='bbox 1147 799 1214 858; x_wconf 91' lang='lat' dir='ltr'>de</span> <span class='ocrx_word' id='word_1_41' title='bbox 1244 819 1378 879; x_wconf 87' lang='lat' dir='ltr'>poe-</span> 
     </span>
     <span class='ocr_line' id='line_1_9' title="bbox 160 885 1379 966; baseline 0.001 -22"><span class='ocrx_word' id='word_1_42' title='bbox 160 909 259 948; x_wconf 77' lang='lat' dir='ltr'>.na</span> <span class='ocrx_word' id='word_1_43' title='bbox 285 889 553 966; x_wconf 82' lang='lat' dir='ltr'>queritur,</span> <span class='ocrx_word' id='word_1_44' title='bbox 578 885 668 947; x_wconf 86' lang='lat' dir='ltr'>sed</span> <span class='ocrx_word' id='word_1_45' title='bbox 684 887 882 965; x_wconf 87' lang='lat' dir='ltr'>legem.</span> <span class='ocrx_word' id='word_1_46' title='bbox 930 886 1214 946; x_wconf 79' lang='lat' dir='ltr'>damnatio</span> <span class='ocrx_word' id='word_1_47' title='bbox 1228 888 1379 946; x_wconf 84' lang='lat' dir='ltr'>enim</span> 
     </span>
     <span class='ocr_line' id='line_1_10' title="bbox 179 973 1377 1056; baseline -0.002 -22"><span class='ocrx_word' id='word_1_48' title='bbox 179 973 257 1034; x_wconf 87' lang='lat' dir='ltr'>est</span> <span class='ocrx_word' id='word_1_49' title='bbox 272 973 543 1056; x_wconf 79' lang='lat' dir='ltr'>judicum,</span> <span class='ocrx_word' id='word_1_50' title='bbox 575 993 714 1052; x_wconf 86' lang='lat' dir='ltr'>quae</span> <span class='ocrx_word' id='word_1_51' title='bbox 736 976 990 1033; x_wconf 87' lang='lat' dir='ltr'>manebat</span> <span class='ocrx_word' id='word_1_52' title='bbox 1012 996 1027 1033; x_wconf 72' lang='grc' dir='ltr'><strong><em>ε</em></strong></span> <span class='ocrx_word' id='word_1_53' title='bbox 1068 994 1276 1053; x_wconf 80' lang='lat' dir='ltr'>poena,</span> <span class='ocrx_word' id='word_1_54' title='bbox 1298 973 1377 1032; x_wconf 83' lang='lat' dir='ltr'>le·</span> 
     </span>
     <span class='ocr_line' id='line_1_11' title="bbox 181 1060 1399 1141; baseline 0.001 -23"><span class='ocrx_word' id='word_1_55' title='bbox 181 1064 293 1141; x_wconf 79' lang='lat' dir='ltr'>gis,</span> <span class='ocrx_word' id='word_1_56' title='bbox 316 1079 457 1139; x_wconf 85' lang='lat' dir='ltr'>quae</span> <span class='ocrx_word' id='word_1_57' title='bbox 486 1060 783 1120; x_wconf 85' lang='lat' dir='ltr'>levabatur.</span> <span class='ocrx_word' id='word_1_58' title='bbox 831 1061 952 1119; x_wconf 88' lang='lat' dir='ltr'>noli</span> <span class='ocrx_word' id='word_1_59' title='bbox 975 1061 1399 1138; x_wconf 73' lang='lat' dir='ltr'>igitur&#39;animos-</span> 
     </span>
     <span class='ocr_line' id='line_1_12' title="bbox 179 1145 1382 1226; baseline -0.005 -18"><span class='ocrx_word' id='word_1_60' title='bbox 179 1167 379 1208; x_wconf 87' lang='lat' dir='ltr'>eorum</span> <span class='ocrx_word' id='word_1_61' title='bbox 416 1146 699 1220; x_wconf 85' lang='lat' dir='ltr'>ordinum,</span> <span class='ocrx_word' id='word_1_62' title='bbox 743 1148 842 1224; x_wconf 86' lang='lat' dir='ltr'>qui</span> <span class='ocrx_word' id='word_1_63' title='bbox 873 1145 1133 1226; x_wconf 84' lang='lat' dir='ltr'>praesunt</span> <span class='ocrx_word' id='word_1_64' title='bbox 1158 1146 1382 1222; x_wconf 84' lang='lat' dir='ltr'>judiciis</span> 
     </span>
     <span class='ocr_line' id='line_1_13' title="bbox 182 1233 1380 1310; baseline -0.003 -17"><span class='ocrx_word' id='word_1_65' title='bbox 182 1233 393 1294; x_wconf 85' lang='lat' dir='ltr'>summa</span> <span class='ocrx_word' id='word_1_66' title='bbox 422 1254 547 1292; x_wconf 88' lang='lat' dir='ltr'>cum</span> <span class='ocrx_word' id='word_1_67' title='bbox 569 1236 840 1310; x_wconf 83' lang='lat' dir='ltr'>gravitate</span> <span class='ocrx_word' id='word_1_68' title='bbox 869 1249 926 1290; x_wconf 91' lang='lat' dir='ltr'>et</span> <span class='ocrx_word' id='word_1_69' title='bbox 960 1233 1246 1310; x_wconf 83' lang='lat' dir='ltr'>dignitate,</span> <span class='ocrx_word' id='word_1_70' title='bbox 1279 1233 1380 1292; x_wconf 85' lang='lat' dir='ltr'>ali·</span> 
     </span>
     <span class='ocr_line' id='line_1_14' title="bbox 181 1317 1382 1395; baseline -0.002 -15"><span class='ocrx_word' id='word_1_71' title='bbox 181 1340 351 1380; x_wconf 85' lang='lat' dir='ltr'>enare</span> <span class='ocrx_word' id='word_1_72' title='bbox 379 1340 412 1378; x_wconf 85' lang='lat' dir='ltr'>a</span> <span class='ocrx_word' id='word_1_73' title='bbox 440 1318 617 1380; x_wconf 84' lang='lat' dir='ltr'>causa.</span> <span class='ocrx_word' id='word_1_74' title='bbox 688 1339 853 1377; x_wconf 89' lang='lat' dir='ltr'>nemo</span> <span class='ocrx_word' id='word_1_75' title='bbox 883 1317 1200 1378; x_wconf 67' lang='lat' dir='ltr'>labefactare</span> <span class='ocrx_word' id='word_1_76' title='bbox 1232 1317 1382 1395; x_wconf 83' lang='lat' dir='ltr'>judi·</span> 
     </span>
     <span class='ocr_line' id='line_1_15' title="bbox 182 1403 1379 1485; baseline -0.003 -18"><span class='ocrx_word' id='word_1_77' title='bbox 182 1408 332 1468; x_wconf 82' lang='lat' dir='ltr'>cium</span> <span class='ocrx_word' id='word_1_78' title='bbox 349 1404 421 1466; x_wconf 91' lang='lat' dir='ltr'>est</span> <span class='ocrx_word' id='word_1_79' title='bbox 444 1420 700 1464; x_wconf 80' lang='lat' dir='ltr'>conatus.</span> <span class='ocrx_word' id='word_1_80' title='bbox 720 1403 860 1464; x_wconf 90' lang='lat' dir='ltr'>nihil</span> <span class='ocrx_word' id='word_1_81' title='bbox 875 1403 949 1464; x_wconf 90' lang='lat' dir='ltr'>est</span> <span class='ocrx_word' id='word_1_82' title='bbox 964 1403 1230 1481; x_wconf 88' lang='lat' dir='ltr'>ejusmodi</span> <span class='ocrx_word' id='word_1_83' title='bbox 1247 1425 1379 1485; x_wconf 89' lang='lat' dir='ltr'>pro·</span> 
     </span>
     <span class='ocr_line' id='line_1_16' title="bbox 180 1489 1380 1572; baseline -0.003 -19"><span class='ocrx_word' id='word_1_84' title='bbox 180 1492 508 1570; x_wconf 84' lang='lat' dir='ltr'>mulgatum.</span> <span class='ocrx_word' id='word_1_85' title='bbox 572 1489 779 1572; x_wconf 85' lang='lat' dir='ltr'>semper</span> <span class='ocrx_word' id='word_1_86' title='bbox 833 1491 1102 1550; x_wconf 85' lang='lat' dir='ltr'>Caecilius</span> <span class='ocrx_word' id='word_1_87' title='bbox 1143 1494 1202 1550; x_wconf 88' lang='lat' dir='ltr'>in</span> <span class='ocrx_word' id='word_1_88' title='bbox 1239 1491 1380 1550; x_wconf 85' lang='lat' dir='ltr'>cala-</span> 
     </span>
     <span class='ocr_line' id='line_1_17' title="bbox 156 1576 1380 1658; baseline -0.002 -17"><span class='ocrx_word' id='word_1_89' title='bbox 156 1582 375 1641; x_wconf 84' lang='lat' dir='ltr'>·mitate</span> <span class='ocrx_word' id='word_1_90' title='bbox 413 1578 599 1638; x_wconf 84' lang='lat' dir='ltr'>fratris</span> <span class='ocrx_word' id='word_1_91' title='bbox 629 1576 732 1654; x_wconf 86' lang='lat' dir='ltr'>sui,</span> <span class='ocrx_word' id='word_1_92' title='bbox 765 1577 1013 1656; x_wconf 88' lang='lat' dir='ltr'>judicum</span> <span class='ocrx_word' id='word_1_93' title='bbox 1052 1576 1380 1658; x_wconf 85' lang='lat' dir='ltr'>potestatem</span> 
     </span>
     <span class='ocr_line' id='line_1_18' title="bbox 181 1664 1376 1749; baseline 0 -25"><span class='ocrx_word' id='word_1_94' title='bbox 181 1664 630 1749; x_wconf 75' lang='lat' dir='ltr'>perpetuandam,</span> <span class='ocrx_word' id='word_1_95' title='bbox 677 1665 811 1742; x_wconf 84' lang='lat' dir='ltr'>legis</span> <span class='ocrx_word' id='word_1_96' title='bbox 846 1666 1194 1724; x_wconf 84' lang='lat' dir='ltr'>acerbitatem</span> <span class='ocrx_word' id='word_1_97' title='bbox 1227 1666 1376 1724; x_wconf 86' lang='lat' dir='ltr'>miti-</span> 
     </span>
     <span class='ocr_line' id='line_1_19' title="bbox 96 1749 1380 1831; baseline 0 -21"><span class='ocrx_word' id='word_1_98' title='bbox 96 1749 161 1794; x_wconf 81' lang='lat'>23</span> <span class='ocrx_word' id='word_1_99' title='bbox 180 1751 420 1830; x_wconf 79' lang='lat' dir='ltr'>gandam</span> <span class='ocrx_word' id='word_1_100' title='bbox 446 1752 681 1831; x_wconf 84' lang='lat' dir='ltr'>putavit.</span> <span class='ocrx_word' id='word_1_101' title='bbox 770 1751 874 1810; x_wconf 87' lang='lat' dir='ltr'>Sed</span> <span class='ocrx_word' id='word_1_102' title='bbox 898 1750 1030 1831; x_wconf 87' lang='lat' dir='ltr'>quid</span> <span class='ocrx_word' id='word_1_103' title='bbox 1054 1773 1156 1828; x_wconf 85' lang='lat' dir='ltr'>ego</span> <span class='ocrx_word' id='word_1_104' title='bbox 1181 1750 1248 1810; x_wconf 90' lang='lat' dir='ltr'>de</span> <span class='ocrx_word' id='word_1_105' title='bbox 1271 1754 1380 1812; x_wconf 90' lang='lat' dir='ltr'>hoc</span> 
     </span>
     <span class='ocr_line' id='line_1_20' title="bbox 180 1836 1382 1919; baseline 0.002 -23"><span class='ocrx_word' id='word_1_106' title='bbox 180 1839 343 1919; x_wconf 83' lang='lat' dir='ltr'>plura</span> <span class='ocrx_word' id='word_1_107' title='bbox 368 1837 630 1916; x_wconf 87' lang='lat' dir='ltr'>disputem</span> <span class='ocrx_word' id='word_1_108' title='bbox 655 1839 677 1896; x_wconf 82' lang='lat'>?</span> <span class='ocrx_word' id='word_1_109' title='bbox 702 1836 935 1896; x_wconf 85' lang='lat' dir='ltr'>dicerem</span> <span class='ocrx_word' id='word_1_110' title='bbox 957 1837 1194 1912; x_wconf 81' lang='lat' dir='ltr'>fortaffe,</span> <span class='ocrx_word' id='word_1_111' title='bbox 1225 1853 1280 1898; x_wconf 88' lang='lat' dir='ltr'>et</span> <span class='ocrx_word' id='word_1_112' title='bbox 1295 1838 1382 1898; x_wconf 83' lang='lat' dir='ltr'>fa-</span> 
     </span>
     <span class='ocr_line' id='line_1_21' title="bbox 182 1922 1381 2004; baseline 0.001 -20"><span class='ocrx_word' id='word_1_113' title='bbox 182 1923 309 1997; x_wconf 85' lang='lat' dir='ltr'>cile,</span> <span class='ocrx_word' id='word_1_114' title='bbox 336 1939 393 1982; x_wconf 91' lang='lat' dir='ltr'>et</span> <span class='ocrx_word' id='word_1_115' title='bbox 415 1924 650 1984; x_wconf 87' lang='lat' dir='ltr'>libenter</span> <span class='ocrx_word' id='word_1_116' title='bbox 674 1924 930 1982; x_wconf 88' lang='lat' dir='ltr'>dicerem.</span> <span class='ocrx_word' id='word_1_117' title='bbox 975 1922 1016 1983; x_wconf 86' lang='lat' dir='ltr'>fi</span> <span class='ocrx_word' id='word_1_118' title='bbox 1039 1923 1201 2004; x_wconf 85' lang='lat' dir='ltr'>paulo</span> <span class='ocrx_word' id='word_1_119' title='bbox 1215 1927 1381 1985; x_wconf 88' lang='lat' dir='ltr'>etiam</span> 
     </span>
     <span class='ocr_line' id='line_1_22' title="bbox 156 2009 1386 2091; baseline 0.003 -25"><span class='ocrx_word' id='word_1_120' title='bbox 156 2059 163 2066; x_wconf 94' lang='lat'><em>.</em></span> <span class='ocrx_word' id='word_1_121' title='bbox 178 2010 599 2091; x_wconf 81' lang='lat' dir='ltr'>longius,quam</span> <span class='ocrx_word' id='word_1_122' title='bbox 613 2009 739 2069; x_wconf 89' lang='lat' dir='ltr'>finis</span> <span class='ocrx_word' id='word_1_123' title='bbox 754 2009 1065 2089; x_wconf 86' lang='lat' dir='ltr'>quotidiani</span> <span class='ocrx_word' id='word_1_124' title='bbox 1083 2010 1245 2070; x_wconf 90' lang='lat' dir='ltr'>officii</span> <span class='ocrx_word' id='word_1_125' title='bbox 1261 2009 1386 2090; x_wconf 80' lang='lat' dir='ltr'>pos-</span> 
     </span>
     <span class='ocr_line' id='line_1_23' title="bbox 182 2095 1384 2177; baseline 0.001 -21"><span class='ocrx_word' id='word_1_126' title='bbox 182 2095 349 2171; x_wconf 87' lang='lat' dir='ltr'>tulat,</span> <span class='ocrx_word' id='word_1_127' title='bbox 368 2099 541 2177; x_wconf 85' lang='lat' dir='ltr'>pietas</span> <span class='ocrx_word' id='word_1_128' title='bbox 565 2112 619 2156; x_wconf 90' lang='lat' dir='ltr'>et</span> <span class='ocrx_word' id='word_1_129' title='bbox 635 2098 906 2156; x_wconf 84' lang='lat' dir='ltr'>fraternus</span> <span class='ocrx_word' id='word_1_130' title='bbox 921 2117 1076 2156; x_wconf 86' lang='lat' dir='ltr'>amor</span> <span class='ocrx_word' id='word_1_131' title='bbox 1099 2103 1168 2156; x_wconf 86' lang='lat' dir='ltr'>L.</span> <span class='ocrx_word' id='word_1_132' title='bbox 1190 2099 1384 2158; x_wconf 81' lang='lat' dir='ltr'>Caeci·-</span> 
     </span>
     <span class='ocr_line' id='line_1_24' title="bbox 156 2182 1378 2263; baseline 0.002 -23"><span class='ocrx_word' id='word_1_133' title='bbox 156 2233 165 2240; x_wconf 93' lang='lat'><strong><em>.</em></strong></span> <span class='ocrx_word' id='word_1_134' title='bbox 182 2184 320 2244; x_wconf 85' lang='lat' dir='ltr'>lium</span> <span class='ocrx_word' id='word_1_135' title='bbox 335 2183 637 2263; x_wconf 71' lang='lat' dir='ltr'>protulisset</span> <span class='ocrx_word' id='word_1_136' title='bbox 656 2206 673 2256; x_wconf 88' lang='lat'>;</span> <span class='ocrx_word' id='word_1_137' title='bbox 700 2183 1045 2262; x_wconf 81' lang='lat' dir='ltr'>implorarem</span> <span class='ocrx_word' id='word_1_138' title='bbox 1063 2182 1242 2257; x_wconf 83' lang='lat' dir='ltr'>sensus</span> <span class='ocrx_word' id='word_1_139' title='bbox 1258 2183 1378 2255; x_wconf 72' lang='lat' dir='ltr'>ves·</span> 
     </span>
     <span class='ocr_line' id='line_1_25' title="bbox 156 2267 1376 2348; baseline 0.002 -22"><span class='ocrx_word' id='word_1_140' title='bbox 156 2319 163 2326; x_wconf 93' lang='lat'>.</span> <span class='ocrx_word' id='word_1_141' title='bbox 183 2286 305 2330; x_wconf 84' lang='lat' dir='ltr'>tros</span> <span class='ocrx_word' id='word_1_142' title='bbox 321 2292 345 2328; x_wconf 66' lang='grc' dir='ltr'>ε.</span> <span class='ocrx_word' id='word_1_143' title='bbox 363 2268 785 2348; x_wconf 85' lang='lat' dir='ltr'>uniuscujusque</span> <span class='ocrx_word' id='word_1_144' title='bbox 800 2267 1197 2347; x_wconf 84' lang='lat' dir='ltr'>indulgentiam</span> <span class='ocrx_word' id='word_1_145' title='bbox 1215 2273 1272 2328; x_wconf 89' lang='lat' dir='ltr'>in</span> <span class='ocrx_word' id='word_1_146' title='bbox 1289 2268 1376 2328; x_wconf 79' lang='lat' dir='ltr'>su&#39;-</span> 
     </span>
     <span class='ocr_line' id='line_1_26' title="bbox 183 2352 1374 2436; baseline 0.001 -20"><span class='ocrx_word' id='word_1_147' title='bbox 183 2377 253 2416; x_wconf 83' lang='lat' dir='ltr'>os</span> <span class='ocrx_word' id='word_1_148' title='bbox 286 2352 539 2415; x_wconf 82' lang='lat' dir='ltr'>testarer:</span> <span class='ocrx_word' id='word_1_149' title='bbox 572 2371 809 2436; x_wconf 87' lang='lat' dir='ltr'>peterem</span> <span class='ocrx_word' id='word_1_150' title='bbox 840 2368 1025 2415; x_wconf 84' lang='lat' dir='ltr'>er’rato</span> <span class='ocrx_word' id='word_1_151' title='bbox 1055 2358 1272 2416; x_wconf 86' lang='lat' dir='ltr'>veniam</span> <span class='ocrx_word' id='word_1_152' title='bbox 1302 2362 1374 2417; x_wconf 91' lang='lat' dir='ltr'>L.</span> 
     </span>
     <span class='ocr_line' id='line_1_27' title="bbox 160 2441 1376 2520; baseline 0.003 -22"><span class='ocrx_word' id='word_1_153' title='bbox 160 2441 414 2503; x_wconf 73' lang='lat' dir='ltr'>,Caecilii</span> <span class='ocrx_word' id='word_1_154' title='bbox 449 2462 520 2500; x_wconf 82' lang='lat' dir='ltr'>ex</span> <span class='ocrx_word' id='word_1_155' title='bbox 555 2445 765 2502; x_wconf 80' lang='lat' dir='ltr'>intimis</span> <span class='ocrx_word' id='word_1_156' title='bbox 795 2441 984 2502; x_wconf 80' lang='lat' dir='ltr'>vestris</span> <span class='ocrx_word' id='word_1_157' title='bbox 1022 2444 1376 2520; x_wconf 80' lang='lat' dir='ltr'>cogitationi-</span> 
     </span>
     <span class='ocr_line' id='line_1_28' title="bbox 160 2529 1384 2607; baseline 0.007 -23"><span class='ocrx_word' id='word_1_158' title='bbox 160 2531 317 2606; x_wconf 64' lang='lat' dir='ltr'>bus,</span> <span class='ocrx_word' id='word_1_159' title='bbox 334 2543 499 2607; x_wconf 79' lang='lat' dir='ltr'>atque</span> <span class='ocrx_word' id='word_1_160' title='bbox 514 2548 585 2590; x_wconf 75' lang='lat' dir='ltr'>ex</span> <span class='ocrx_word' id='word_1_161' title='bbox 602 2530 939 2589; x_wconf 82' lang='lat' dir='ltr'>humanitate</span> <span class='ocrx_word' id='word_1_162' title='bbox 953 2531 1252 2590; x_wconf 88' lang='lat' dir='ltr'>communi.</span> <span class='ocrx_word' id='word_1_163' title='bbox 1283 2529 1384 2594; x_wconf 77' lang='lat' dir='ltr'>lex</span> 
     </span>
    </p>
   </div>
  </div>
 </body>
</html>
