1709 3042
370 188 479 249 188
676 184 1100 244 oR‘ATlo
1157 188 1261 245 IV.

360 285 634 367 republica
648 306 956 367 pereamuS.
1003 304 1194 365 quare,
1217 292 1408 345 Patres
1424 302 1566 345 conv·

358 370 549 453 scripti
561 416 581 449 ,
626 374 927 431 incumbite
958 372 1027 431 ad
1065 372 1392 453 reipublicae
1423 371 1564 432 salu·

362 474 497 519 tem:
510 456 908 539 circumspicite
918 475 1118 519 omnes
1127 458 1566 537 procellas,quae

363 545 707 625 impendent,
746 544 844 604 nifi
875 544 1201 625 providetis.
1262 564 1384 603 non
1415 546 1560 603 Tib.

358 633 670 707 Gracchus,
694 633 791 710 qui
812 632 1012 690 iterum
1035 632 1292 691 tribunus
1309 628 1486 709 plebis
1499 629 1565 689 fi·

360 718 443 777 cri
457 716 660 776 voluit:
694 736 814 775 non
830 722 901 776 C.
919 720 1228 790 Gracchus,
1249 716 1348 795 qui
1361 717 1568 794 agrari-

364 824 434 863 os
448 804 731 863 concitare
750 818 990 862 conatus
1001 802 1076 861 est
1093 824 1112 861 z
1143 820 1262 861 non
1279 806 1354 860 L.
1377 810 1568 863 Satur-

364 892 559 965 ninus,
576 891 675 969 qui
692 895 761 947 C.
782 892 1102 949 Memmium
1125 886 1359 960 occidit,
1375 890 1438 947 in
1455 889 1566 948 dis-

364 977 575 1037 crimen
592 974 817 1055 aliquod
821 990 1010 1053 ,atque
1023 979 1083 1034 in
1095 974 1300 1035 vestrae
1310 972 1568 1034 fleveriti-

366 1064 441 1121 tis
450 1062 719 1139 judicium
730 1060 1037 1121 adducitur.
1049 1076 1308 1120 tenentur
1321 1060 1486 1140 ii,qui
1497 1062 1568 1121 ad

366 1146 933 1220 urbisincendium,ad
942 1147 1180 1208 vestrum
1187 1148 1444 1207 omnium
1453 1168 1572 1207 cae-

370 1234 521 1309 dem,
538 1234 607 1293 ad
622 1234 919 1293 Catilinam
941 1232 1340 1315 accipiendum,
1365 1240 1572 1294 Romae

274 1352 295 1371 ο
374 1318 709 1381 restiterunt.
750 1336 1015 1380 tenentur
1029 1320 1245 1397 literae,
1263 1318 1442 1397 ligna,
1457 1342 1570 1382 ma-

376 1428 482 1467 nus
494 1448 515 1482 ,
550 1406 793 1485 denique
824 1404 1244 1485 uniuscujusque
1279 1407 1567 1470 confestim

370 1492 744 1554 sollicitantur
775 1493 1136 1569 Allobrogem
1168 1490 1390 1552 senvitia
1423 1496 1572 1554 exci-

376 1595 594 1641 tanturr
623 1578 868 1639 Catilina
881 1578 1184 1641 arcessitur=
1205 1578 1262 1637 id
1279 1577 1356 1637 est'
1373 1582 1575 1641 initum

372 1664 689 1739 confilium,
716 1681 805 1739 ut,
838 1665 1142 1725 interfectis
1165 1667 1456 1742 omnibus,
1481 1686 1578 1727 ne·

378 1772 475 1812 mo
490 1771 562 1811 ne
576 1750 645 1811 ad
658 1750 1059 1831 deplorandum
1075 1750 1296 1829 quidem
1313 1753 1578 1832 reipubli-

376 1856 475 1899 cae
490 1854 721 1910 nomen,
744 1852 914 1917 atque
927 1837 998 1897 ad
1011 1836 1420 1896 lamentandam
1439 1840 1584 1899 tanti

380 1925 596 2005 imperii
618 1923 980 1983 calamitatem
995 1922 1358 2003 relinquatur.
1424 1931 1582 1984 Haec
1609 1955 1628 1997 3

382 2012 573 2071 omnia
616 2009 821 2069 indices
852 2008 1190 2082 detulerunt,
1229 2010 1310 2067 rei
1353 2010 1584 2069 confeffi

380 2094 532 2170 sunt,
560 2115 668 2157 vos
698 2095 1250 2172 multis-jamjudiciis
1266 2095 1581 2170 judicastis.

382 2184 641 2263 primum,
660 2181 812 2260 quod
832 2184 966 2240 mihi
981 2184 1184 2259 gratias
1199 2178 1381 2257 egistis
1399 2180 1586 2259 fingu-

382 2270 588 2329 laribus
604 2268 809 2327 verbisz
836 2284 894 2326 et
915 2287 1034 2327 mea
1053 2269 1258 2327 virtute
1269 2282 1448 2345 atque
1459 2268 1586 2327 dili·

384 2353 938 2433 gentia‚perditorum
953 2352 1591 2429 hominum'patefaetam

381 2438 486 2497 effe
518 2440 968 2515 conjurationem
997 2437 1327 2499 decrevistis·
1385 2438 1590 2497 deinde

380 2524 545 2603 quod
562 2531 623 2583 P.
647 2524 972 2602 Lentulum,
991 2540 1056 2585 ut
1069 2523 1124 2584 se
1137 2522 1412 2585 abdicaret
1429 2544 1586 2607 prac-
