1709 3042
403 166 518 228 ²92
719 152 1077 209 ORATIO
1119 146 1292 207 PRO

395 270 520 310 non
541 249 889 325 dissimulant,
922 262 1040 308 non
1062 263 1363 306 verentnr=
1386 247 1457 308 de
1482 248 1605 309 snb·

395 334 556 396 {clliis
573 336 804 415 queror?
833 354 945 393 una
960 354 1032 393 ex
1046 334 1218 392 domo
1234 334 1543 413 prodeunt:
1568 332 1607 392 fi

395 424 570 481 verbo
593 423 910 494 titubarint,
934 440 1049 499 quo
1082 435 1458 495 revertantur,
1486 441 1606 479 non

397 510 699 569 habebunt.
727 528 798 565 an
815 504 1101 585 quisquam
1116 502 1220 563 ess'e
1237 504 1385 564 testis
1404 506 1609 586 potest,

397 612 564 674 quem
581 592 856 652 accusator
874 590 983 649 fine
996 612 1129 649 cura
1144 593 1483 667 interroget:
1503 612 1613 651 nec

397 694 627 752 metuat,
651 698 723 736 ne
739 676 832 737 fibi
849 677 1078 755 aliquid,
1110 677 1263 755 quod
1285 676 1399 755 ipse
1434 680 1613 753 nolit,

397 763 755 843 respondeat?
779 765 873 821 ubi
886 762 961 821 est
974 766 1141 838 igitur
1155 763 1248 821 illa
1270 763 1388 821 laus
1408 780 1614 824 orato-

401 853 503 925 ris,
537 870 676 929 quae
693 849 780 908 vel
794 852 853 907 in
872 848 1182 907 accusatore
1200 863 1383 921 antea,
1418 851 1521 909 vel
1554 855 1615 911 in

400 952 644 1019 patrono
662 934 884 1014 specim-i
904 934 1132 993 solebat?
1160 936 1295 992 bene
1310 933 1509 996 testem
1526 940 1615 997 in-

401 1023 726 1099 terrogavitz
751 1019 943 1078 callide
959 1021 1193 1079 accessit:
1221 1024 1583 1097 reprehendit
1596 1046 1613 1081 ε

403 1130 522 1189 qno
554 1106 755 1179 voluit,
779 1104 1045 1164 adduxitx
1078 1107 1347 1181 convicit,
1374 1124 1437 1166 et
1466 1110 1617 1167 elin·

404 1214 570 1272 guem
585 1191 842 1251 reddidit.
862 1190 995 1269 quid
1014 1206 1075 1248 tu
1090 1189 1246 1249 istum
1263 1210 1453 1268 roges,
1467 1200 1617 1254 Lae..

405 1280 472 1354 li,
491 1280 609 1359 qui,
627 1274 939 1356 priusquam
964 1280 1091 1348 hoc,
1122 1276 1141 1305 ‘
1168 1291 1221 1335 te
1237 1282 1424 1355 rogo,’
1448 1281 1617 1339 dixe-

405 1368 509 1439 ris,
541 1363 697 1443 plura
713 1364 878 1421 etiam
900 1360 1165 1435 effundet,
1181 1382 1349 1440 quam
1364 1379 1425 1422 tu
1442 1367 1493 1423 ei
1506 1365 1617 1425 do-

406 1452 486 1513 mi
516 1464 644 1509 ante
666 1446 1065 1531 praescripseris
1089 1448 1109 1505 ?
1136 1448 1270 1525 quid
1293 1470 1399 1526 ego
1424 1466 1617 1510 autem

411 1534 668 1597 defensor
685 1554 872 1611 rogem
892 1536 913 1593 ἓ
940 1554 1067 1593 nam
1084 1548 1177 1591 aut
1192 1537 1375 1593 oratio
1390 1535 1616 1595 testium

407 1622 586 1684 refelli
601 1618 760 1693 solet,
777 1635 873 1678 aut
892 1622 1009 1679 vita
1025 1619 1183 1678 laedi.
1230 1640 1341 1698 qua
1364 1620 1614 1699 disputa-

407 1712 567 1767 tione
581 1708 895 1765 orationem
912 1704 1157 1763 refellam
1170 1705 1313 1781 ejus,
1330 1708 1431 1784 qui
1446 1708 1609 1782 dicit,

407 1794 434 1827 ‘
465 1792 762 1853 dedimnse’
793 1792 931 1848 nihil
948 1790 1223 1870 amplius?
1248 1793 1307 1849 in
1324 1794 1615 1853 hominem

413 1878 708 1941 dicendum
739 1874 816 1935 est
851 1879 1042 1957 igitur,
1072 1896 1198 1934 cum
1234 1881 1421 1937 oratio
1452 1900 1613 1955 argu-

411 1968 806 2027 mentationem
824 1982 943 2021 non
956 1966 1141 2022 habet.
1186 1963 1322 2041 quid
1340 1964 1525 2023 dicam
1555 1967 1613 2023 in

409 2050 710 2129 ignotum?
739 2048 1081 2127 querendum
1103 2048 1177 2107 est
1200 2068 1331 2125 ergo
1348 2064 1403 2107 et
1420 2049 1613 2129 deplo-

413 2135 687 2209 randum,
717 2135 772 2194 id
803 2132 956 2212 qnod
981 2133 1300 2210 jamdudum
1337 2134 1521 2209 facio,
1550 2136 1614 2194 de

413 2224 576 2283 omni
595 2218 953 2281 accusationis
969 2222 1277 2297 iniquitate:
1294 2222 1537 2298 primum
1550 2222 1614 2281 de

413 2308 700 2368 communi
715 2326 913 2383 genere
935 2304 1163 2363 testium.
1194 2304 1329 2365 dicit
1350 2310 1504 2365 enim
1520 2328 1613 2366 na·

415 2397 504 2452 tio
519 2395 747 2451 minime
763 2394 820 2449 in
837 2390 1156 2449 testimoniis
1172 2389 1419 2451 dicendis
1438 2393 1615 2471 religi-

413 2476 536 2537 osa.
580 2479 810 2559 propius
833 2476 1053 2539 accedo·
1104 2495 1249 2554 nego
1270 2475 1377 2538 effe
1394 2477 1496 2539 ista
1516 2476 1615 2539 tes-
