1709 3042
334 130 451 209 39⁶
655 134 1013 191 oRA‘rro
1054 135 1225 191 PRo

324 240 413 285 ter
435 222 640 285 summa
655 224 825 285 studia
841 229 1167 301 amicorum,
1182 247 1324 307 quae
1344 242 1537 289 tamen

321 313 376 371 ei
391 308 504 371 sola
519 314 579 371 in
595 312 756 372 malis
771 312 1102 373 restiterunt=
1120 312 1297 373 abfuit
1311 316 1381 373 ab
1397 336 1537 373 ocus·

319 396 396 457 lis
419 397 637 471 vestris;
670 414 748 469 et,
772 421 899 457 cum
914 400 1031 476 lege
1050 401 1409 475 retineretur,
1426 399 1538 481 ipse

320 480 380 543 se
407 484 580 543 exilio
611 489 754 564 pene
771 484 1049 544 multavit.
1097 487 1155 543 in
1175 488 1285 545 hoc
1309 507 1416 545 vos
1432 508 1533 565 pu·

319 566 460 629 dore
475 570 693 649 judicii,
715 587 770 629 et
792 574 852 631 in
876 575 980 631 hac
1000 574 1137 645 vita,
1162 587 1325 631 tanto
1347 569 1535 646 sceleri

317 654 512 717 locum
526 655 678 717 fuisse
693 658 915 717 creditis
930 658 953 715 ἓ
1063 655 1308 737 Aspicite
1320 657 1503 739 ipsum
1514 682 1533 719 z
1560 673 1609 716 27
1678 650 1680 705 ἕ

319 745 666 803 contuemini
685 765 776 803 ost
802 742 1051 803 conserte
1067 745 1279 803 crimen
1302 765 1428 803 cum
1444 747 1532 804 vi·

320 842 404 891 taz
429 832 622 903 vitam,
639 832 708 888 ab
723 832 891 888 initio
904 830 975 887 ad
992 833 1101 892 hoc
1118 844 1337 909 tempus
1352 831 1533 911 expli.-

319 930 526 993 φησι,
549 936 674 974 cum
698 918 929 975 crimine
952 915 1353 993 recognoscite.
1401 919 1533 977 mit·

320 1016 386 1061 to
403 1000 811 1083 rempublicam,
843 1023 987 1081 quae
1002 1000 1108 1061 fuit
1124 1000 1333 1082 semper
1348 1002 1533 1081 Syllae

321 1088 606 1147 cariffima:
624 1086 796 1146 hosne
812 1091 1046 1162 amicos„
1062 1088 1195 1148 tales
1212 1090 1396 1165 viros,
1414 1106 1529 1151 tam

320 1174 555 1255 cupidos
581 1172 682 1249 sui,-
714 1194 811 1253 per
833 1195 979 1253 quos
1005 1196 1091 1233 res
1108 1176 1227 1251 ejus
1260 1172 1531 1256 secundae

323 1260 612 1339 quondam
628 1275 784 1322 erant
797 1276 1051 1335 ornatae,
1068 1281 1218 1319 nunc
1234 1259 1529 1323 sublevan-

323 1359 419 1405 tur
445 1344 720 1419 adversae,
739 1346 1093 1407 crudelissime
1123 1348 1300 1427 perire
1320 1348 1527 1425 voluit,

323 1445 388 1491 ut
403 1453 530 1491 cum
547 1430 812 1505 Lentule,
834 1446 893 1490 et
910 1432 1171 1507 Catilina,
1202 1448 1259 1491 et
1278 1437 1531 1513 Cethego

321 1516 526 1579 foediffi
535 1538 677 1579 mam
699 1520 893 1593 vitam,
916 1539 980 1577 ac
1004 1516 1385 1594 miserrimam,
1409 1510 1530 1601 tur}

321 1602 530 1685 pissima
559 1620 738 1665 morte
769 1604 1071 1683 proposita,
1109 1604 1370 1682 degeret?
1406 1628 1533 1675 non

323 1690 500 1766 cadit,
522 1712 662 1765 non,
685 1692 939 1769 inquam,
956 1690 1103 1750 cadit
1116 1693 1177 1750 in
1191 1694 1297 1749 hos
1314 1712 1532 1775 morea,

323 1780 526 1839 nonin
557 1780 704 1837 hunc
738 1778 1027 1855 pudorem,
1055 1798 1173 1835 non
1196 1778 1258 1835 in
1280 1779 1425 1837 hanc
1445 1781 1531 1839 vi·

326 1879 464 1939 tam,
481 1886 602 1923 non
618 1868 676 1921 in
692 1866 839 1921 hunc
855 1866 1142 1922 hominem
1158 1860 1253 1921 ista
1272 1860 1529 1942 suspicio.

323 1970 480 2010 nova
526 1949 792 2029 quaedam
830 1949 925 2007 illa
971 1948 1286 2009 immanitas
1324 1968 1535 2011 exorta

327 2034 432 2097 esta
458 2034 790 2096 incredibilis
813 2035 941 2108 fuit,
964 2057 1028 2093 ac
1041 2033 1329 2109 fingularis
1344 2034 1533 2117 furora

324 2142 401 2185 ex
413 2121 602 2179 multis
619 2124 685 2180 ab
701 2119 1063 2181 adolescentia
1078 2120 1325 2181 collectis
1338 2124 1530 2201 perdi-

325 2222 513 2269 torum
529 2209 817 2267 hominum
831 2209 987 2266 vitiis
1009 2221 1233 2285 repente
1251 2223 1419 2267 tanta.
1431 2208 1533 2271 ista

323 2294 719 2373 importunitas
760 2294 993 2353 inauditi
1031 2292 1241 2353 sceleris
1284 2294 1491 2357 exarsit
1508 2340 1525 2359 .

326 2380 526 2453 nolite,
557 2380 800 2455 judices,
829 2382 1103 2454 arbitrari,
1134 2383 1425 2441 hominum
1454 2380 1529 2441 il-

321 2463 440 2525 lum
459 2466 727 2546 impetum
757 2481 814 2525 et
835 2482 1099 2529 conatum
1118 2464 1290 2529 fuiffe.
1338 2486 1526 2549 neque
