1709 3042
289 165 400 239 156
491 204 497 211 -
581 164 1000 221 ORATIO
1054 164 1133 221 11.

279 257 496 335 coloni,
533 260 634 337 qui
669 256 722 317 se
749 256 1039 337 insperatis
1068 254 1493 338 repentinisque

277 345 533 425 pecuniis
547 342 909 425 sumptuofius
924 342 1494 425 insolendosquejac·

279 444 492 491 tarunt.
539 431 598 489 hi
613 428 744 488 dum
768 430 1081 504 aedificant,
1104 445 1373 507 tanquam
1387 431 1493 489 be-

277 518 382 576 ati:
407 516 542 575 dum
558 514 820 595 praediis,
835 514 1063 588 lefiticis,
1087 514 1313 575 familiis
1330 536 1493 592 mag-

279 603 396 677 nis,
425 601 706 669 conviviis
721 603 1001 681 apparatis
1022 600 1385 675 delcetantur,
1422 603 1493 660 in

280 702 504 749 tantum
531 707 624 750 aes
654 686 895 747 alienum
926 686 1271 761 inciderunt,
1316 702 1403 763 ut,
1448 686 1493 747 fi

280 771 418 835 salvi
431 772 534 835 effe
552 772 911 852 velint‚8ylla
925 770 989 833 fit
1003 775 1072 831 iis
1090 774 1157 831 ab
1172 772 1368 831 inferis
1382 792 1491 831 ex-

281 854 559 919 citandus·
604 860 704 938 qui
717 859 882 918 etiam
900 857 1212 919 nonnullos
1228 856 1493 936 agrestes,

281 946 540 1005 homines
551 959 746 1003 tenues
758 960 923 1023 atque
931 960 1152 1022 egentes
1155 946 1240 1020 ‚in
1256 944 1495 1005 eandem

283 1030 435 1089 illam
456 1029 606 1111 spem
633 1031 947 1109 rapinarum
974 1046 1226 1090 veterum
1256 1029 1495 1110 impule-

285 1131 440 1177 runt.
486 1137 632 1194 quos
647 1136 750 1193 ego
765 1115 1051 1197 utrosque,
1068 1117 1339 1191 Quirites,
1351 1118 1413 1175 in
1428 1138 1493 1176 e·

283 1202 450 1261 odem
467 1222 666 1280 genere
680 1201 1093 1283 praedatorum,
1113 1201 1493 1281 direptorum·

285 1308 395 1367 que
409 1307 586 1367 pono.
627 1286 718 1347 sed
734 1308 835 1347 eos
850 1292 961 1347 hoc
976 1307 1205 1362 moneo,
1238 1286 1493 1347 desinant

286 1373 491 1450 furere,
535 1392 600 1433 ac
631 1372 1064 1453 proscriptiones
1096 1390 1153 1433 et
1188 1373 1489 1433 dictaturas

241 1490 248 1495 ·
285 1460 550 1535 cogitare.
569 1474 755 1519 tantus
769 1462 918 1519 enim
938 1460 1161 1519 illorum
1179 1458 1493 1538 temporum

283 1544 452 1605 dolor
463 1542 672 1605 inustus
693 1544 770 1605 est
783 1546 1019 1620 civitati,
1046 1546 1238 1623 utjam
1253 1544 1351 1603 ista
1366 1564 1489 1604 non

285 1630 460 1691 modo
491 1632 768 1705 homines,
798 1630 889 1691 sed
914 1652 985 1690 ne
1007 1630 1241 1711 pecudes
1266 1630 1489 1710 quidem

285 1717 424 1777 mihi
445 1714 688 1796 paisurae
701 1715 804 1777 effe
827 1716 1141 1777 videantur.
1214 1726 1489 1793 Quartum
1510 1740 1561 1777 ιο

285 1822 462 1879 genus
478 1800 552 1861 est
567 1800 694 1863 sane
714 1804 953 1878 varium,
968 1819 1028 1863 et
1042 1801 1282 1877 mistum,
1296 1818 1354 1861 et
1368 1819 1489 1863 tur-

287 1887 574 1947 bulentum
591 1910 610 1947 t
641 1892 737 1968 qui
755 1889 1085 1967 jampridem
1120 1903 1447 1969 premuntur
1463 1912 1485 1961 3

285 1976 385 2053 qui
396 1994 684 2053 nunquam
697 1990 997 2053 emergent:
1010 1977 1108 2055 qui
1124 1976 1326 2055 partim
1339 1975 1489 2033 iner-

213 2110 218 2117 .
284 2062 385 2134 tia,
397 2062 596 2137 partim
606 2058 746 2121 male
757 2060 1001 2139 gerendo
1016 2062 1270 2138 negotio,
1287 2061 1490 2139 partim

283 2146 452 2204 etiam
467 2143 852 2225 sumptibu8‚in
864 2160 1051 2206 vetere
1068 2166 1189 2205 aere
1203 2145 1387 2205 alieno
1397 2164 1489 2205 va·
1596 2194 1603 2203 .

286 2229 602 2309 cillanttqui
616 2232 995 2309 vadimoniisj
1004 2228 1489 2310 udicii3,prosa·ip—

287 2316 536 2374 tionibus
551 2316 822 2377 bonorum
837 2316 1145 2395 defatigati,
1154 2316 1415 2397 permulti
1429 2330 1487 2376 et

285 2416 362 2455 ex
375 2399 528 2470 urbe,
561 2413 618 2457 et
631 2420 704 2459 ex
714 2399 861 2478 ag'ris
882 2400 935 2459 se
956 2404 1019 2463 in
1032 2402 1129 2461 illa
1146 2401 1319 2463 castra
1344 2423 1483 2462 con-

283 2478 422 2538 ferre
443 2480 722 2551 dicuntur.
768 2485 931 2549 hosce
946 2507 1055 2567 ego
1072 2508 1196 2550 non
1213 2503 1329 2550 tam
1343 2488 1485 2551 mili·
