1709 3042
499 182 1058 240 L.FLACCO.
1266 194 1377 253 305

181 304 329 359 eum,
345 282 442 363 qui
457 282 801 357 affin-ebatur,
818 297 1117 360 cognatum
1132 277 1285 337 suum
1300 272 1382 334 es·

181 370 236 431 se
255 370 482 444 diceret,
511 388 630 428 non
655 367 1026 430 crediderunt.
1073 368 1169 445 qui
1186 367 1295 423 hoc
1317 364 1377 420 e·'

181 458 361 530 venit,
395 470 479 529 ut,
502 457 598 533 qui
621 454 870 533 locuples
900 452 1047 512 testis
1082 450 1291 511 doloris
1322 460 1379 506 et

183 541 468 618 sanguinis
491 538 568 599 sui
594 560 712 601 non
737 539 923 611 fixerit,
946 538 1086 597 idem
1112 535 1175 594 fit
1198 534 1381 611 gravis

183 632 378 689 auctor
391 627 626 703 injuriae
641 626 889 705 publicae
906 626 927 683 ?
973 639 1139 702 atque
1150 622 1241 681 hic
1257 627 1381 679 Do-

185 709 411 791 rylenfis
427 732 602 791 nuper
617 732 742 771 cum
759 710 1039 769 efferretur
1060 728 1259 785 magna
1274 705 1383 765 fre·

185 818 332 878 quen
341 798 438 870 tia,
461 796 812 876 consessuque
833 794 1031 871 vestro,
1054 796 1250 855 mortis
1270 792 1381 851 illi-

184 904 254 943 us
279 882 546 942 invidiam
568 886 628 942 in
648 890 717 942 L.
735 883 992 941 Flaccum
1013 880 1229 939 Laelius
1244 897 1385 938 cou-

183 968 414 1029 ferebat.
463 966 594 1028 facis
611 966 829 1045 injuste,
856 967 1027 1040 Laeli,
1053 964 1091 1024 fi
1112 980 1269 1045 putas
1284 984 1383 1043 pe-

184 1054 362 1113 riculo
379 1053 564 1113 nostro
579 1057 768 1114 vivere
783 1070 913 1113 tuos
930 1049 1379 1121 cuntubernale33

183 1137 501 1219 praesertim
532 1140 683 1219 quod
707 1155 800 1199 tua
829 1138 1161 1215 negligentia
1188 1136 1385 1194 fuitum

185 1226 536 1285 arbitremur.
597 1228 812 1284 homini
841 1227 991 1284 enim
1025 1225 1247 1301 Phrygi,
1284 1222 1383 1300 qui

183 1313 442 1371 arborem
465 1309 556 1370 fici
574 1330 862 1389 nunquam
876 1306 1110 1383 vidistin,
1135 1308 1377 1368 fiscinam

183 1395 419 1457 ficorum
447 1394 728 1474 objecisti:
760 1398 917 1473 cujus
949 1414 1101 1454 mors
1118 1410 1172 1453 te
1194 1414 1267 1453 ex
1280 1393 1383 1451 ali-

185 1502 300 1562 qua
313 1496 468 1562 parte
484 1482 770 1543 relevavit.
803 1480 1019 1541 edacem
1032 1482 1180 1539 enim
1198 1476 1383 1556 hospi-

188 1576 300 1629 tem
319 1566 551 1627 amisisti.
599 1568 798 1628 Flacco
820 1586 957 1627 vero
988 1563 1119 1643 quid
1152 1563 1383 1644 profuit,

187 1655 290 1734 qui
311 1652 485 1711 valuit
515 1653 747 1729 tamdiu,
787 1653 919 1713 dum
956 1656 1061 1711 huc
1092 1649 1379 1728 prodiret?

186 1754 446 1800 mortuus
459 1738 554 1810 est,
573 1739 764 1799 aculeo
776 1740 895 1817 jam
908 1734 1145 1811 dimiffo,
1162 1756 1225 1795 ac
1242 1734 1389 1793 dieto

188 1823 548 1885 testimonio?
603 1840 662 1883 at
691 1823 830 1884 istud
862 1823 1117 1882 columen
1154 1822 1387 1880 actionis

187 1926 340 1983 tuae,
381 1910 750 1984 Mithridates,
787 1908 1129 1989 posteaquam
1162 1907 1387 1966 biduum

189 2010 438 2057 retentus
455 1995 600 2055 testis
617 2018 648 2055 a
665 1998 854 2067 ηοδὶε,
884 1991 1099 2067 effudit,
1122 2014 1259 2071 quae
1282 2012 1385 2050 vo-

187 2082 410 2156 luit,om
417 2081 530 2155 πίας
543 2080 921 2161 reprehensus,
932 2100 1040 2137 con
1046 2078 1389 2151 vistusfrac·

191 2166 390 2245 tusque
404 2166 648 2239 diseessit3
669 2167 908 2226 ambulat
924 2186 1049 2223 cum
1064 2164 1256 2223 lorica.
1274 2182 1388 2221 me·

192 2255 300 2313 tuit
316 2255 486 2310 homo
509 2252 703 2311 doetus
719 2268 776 2311 et
795 2250 1031 2331 sapiens„
1054 2267 1127 2307 ne
1144 2255 1214 2306 L.
1234 2246 1388 2307 Flac-

191 2358 291 2399 cus
308 2358 460 2397 nunc
475 2336 672 2396 scelere
693 2336 746 2396 se
761 2337 966 2413 alliget,
990 2354 1112 2392 cum
1138 2334 1255 2411 jam
1286 2331 1389 2391 tes·

192 2439 307 2483 tem
323 2422 476 2481 illum
491 2420 727 2500 effugere
741 2442 858 2481 non
876 2420 1053 2501 possit=
1072 2435 1155 2494 ut,
1178 2419 1275 2497 qui
1289 2438 1391 2476 au-

193 2524 252 2571 te
287 2508 492 2569 dietum
523 2508 891 2570 testimouium
918 2506 1017 2567 fibi
1047 2504 1388 2588 temperarit,
