1709 3042
313 184 427 241 252
637 168 993 225 ORATIO
1029 169 1202 225 PRO

309 262 408 323 ine
423 255 652 339 adeptus
665 258 764 335 est,
771 276 836 321 ut
847 260 1037 321 multis
1050 254 1297 341 prodeffe
1310 256 1525 340 1:011}ss

310 351 401 409 bis
425 343 618 405 consul
637 345 820 407 fuerat
839 354 903 406 P.
928 344 1243 419 Africanus,
1278 361 1339 405 et
1361 345 1523 405 duos

311 448 554 493 terrores
561 432 724 509 hujus
735 432 953 513 imperii
956 431 1521 507 ‚Carthaginem,Nu÷

310 518 688 595 mantiamque
701 516 1129 591 deleverat,cum
1142 515 1421 577 accusavit
1434 522 1513 577 L.

313 610 564 665 Cottam.
611 617 729 663 erat
756 605 820 661 in
843 622 923 663 eo.
942 600 1151 663 summa
1170 600 1517 681 eloquentia,

309 688 520 749 summa
534 686 690 763 fides,
713 686 917 747 summa
931 689 1245 764 integritas,
1272 686 1513 747 auetori-

311 790 400 835 tas
422 789 598 848 tanta,
623 789 832 851 quanta
851 774 911 831 in
935 771 1054 851 ipso
1076 772 1309 851 imperio
1330 792 1516 851 popu·
1546 792 1553 801 ·

309 860 355 919 li
378 860 640 933 Romani,
665 858 818 937 quod
837 857 985 917 illius
1006 878 1175 939 opera
1198 860 1511 919 tenebatur.

310 944 466 1023 saepe
496 948 606 1004 hoc
633 944 872 1021 majores
900 958 1037 1002 natu
1072 942 1253 1002 dicere
1288 940 1515 1017 audivi,

310 1034 456 1091 hauc
465 1026 788 1091 accusatoris
797 1030 1055 1089 eximiam
1064 1026 1517 1107 dignitatemplu·

311 1119 518 1177 timum
545 1121 618 1175 L.
642 1121 844 1173 Cottae
874 1112 1149 1198 profiaiffe.
1206 1113 1515 1175 noluerunt

308 1200 674 1282 sapientissimi
690 1202 967 1276 homines,
984 1200 1080 1279 qui
1094 1213 1220 1259 tum⁴
1230 1219 1345 1257 rem
1358 1198 1512 1261 illam

305 1287 652 1366 judicabant,
673 1287 752 1345 ita
770 1304 1103 1365 quemquam
1122 1282 1401 1345 eadere-in
1414 1286 1509 1362 ju·

311 1372 485 1447 dicio,
501 1385 566 1429 ut
581 1371 770 1431 nimiis
783 1368 1083 1430 adversarii
1096 1371 1310 1431 viribus
1324 1372 1507 1449 abjec-

309 1452 1509 1536 tusvideretar.quid?Ser.Galbam(namtra-

311 1542 491 1603 ditum
513 1543 806 1603 memoriae
817 1540 922 1617 est)
942 1562 1137 1601 noune
1150 1562 1369 1621 proavo
1384 1558 1508 1617 tuo,

311 1628 597 1692 fortflfimo
627 1642 796 1707 atque
829 1627 1205 1687 florentiffimo
1236 1630 1388 1703 viro,
1418 1634 1505 1689 M.

311 1716 545 1789 Catoni,
575 1714 921 1773 incumbenti
946 1712 1013 1773 ad
1039 1714 1158 1791 ejus
1182 1714 1511 1793 perniciem,-

308 1799 551 1880 populus
569 1804 854 1857 Romanus
872 1796 1313 1881 eripuitisemper
1326 1800 1390 1863 in
1406 1801 1507 1867 hac

309 1887 536 1945 civitate
557 1886 726 1942 nimis
743 1886 960 1961 magnis
980 1884 1359 1963 accusatorum
1380 1886 1507 1964 opi·

305 1974 410 2031 bus
425 1986 482 2029 et
495 1969 734 2051 populus
748 1968 1125 2044 universuS‚et
1139 1968 1505 2049 sapienuea‚ac

305 2057 540 2116 multum
563 2058 624 2114 in
647 2053 919 2135 posterum
940 2054 1333 2136 prospicientes
1349 2056 1504 2133 judi-

305 2163 398 2201 ces
415 2141 746 2202 restiterunt.
791 2141 931 2201 nolo
960 2138 1239 2202 accusstor
1261 2142 1325 2201 in
1346 2141 1501 2219 judi·
1538 2196 1545 2203 .

305 2229 454 2287 cium
470 2228 776 2305 potentiam
799 2224 1013 2301 afferat,
1042 2248 1163 2287 non
1185 2227 1303 2288 vim
1323 2228 1503 2305 majo-

303 2332 424 2373 rem
439 2312 695 2393 aliquam,
707 2332 826 2371 non
842 2314 1217 2373 austoritatem
1230 2312 1502 2373 esioellen-

305 2414 440 2472 tem,
459 2418 578 2457 non
593 2400 819 2459 nimiam
831 2399 1087 2475 gratiam..
1136 2398 1359 2459 valeant
1370 2402 1503 2463 haee

304 2485 491 2544 omnia
506 2482 575 2542 ad
590 2482 815 2543 salutem
829 2484 1240 2563 innocentium,
1256 2482 1326 2547 ad
1338 2504 1505 2564 opem
