<?xml version="1.0" encoding="UTF-8"?>
<!DOCTYPE html PUBLIC "-//W3C//DTD XHTML 1.0 Transitional//EN"
    "http://www.w3.org/TR/xhtml1/DTD/xhtml1-transitional.dtd">
<html xmlns="http://www.w3.org/1999/xhtml" xml:lang="en" lang="en">
 <head>
  <title>
</title>
<meta http-equiv="Content-Type" content="text/html;charset=utf-8" />
  <meta name='ocr-system' content='tesseract 3.04.00' />
  <meta name='ocr-capabilities' content='ocr_page ocr_carea ocr_par ocr_line ocrx_word'/>
</head>
<body>
  <div class='ocr_page' id='page_1' title='image "./mtulliiciceroni06unkngoog_0371.png"; bbox 0 0 1709 3042; ppageno 0'>
   <div class='ocr_carea' id='block_1_1' title="bbox 483 131 1309 212">
    <p class='ocr_par' dir='ltr' id='par_1_1' title="bbox 483 131 1309 212">
     <span class='ocr_line' id='line_1_1' title="bbox 483 131 1309 212; baseline 0.002 -18"><span class='ocrx_word' id='word_1_1' title='bbox 483 138 546 194; x_wconf 79' lang='lat' dir='ltr'>P.</span> <span class='ocrx_word' id='word_1_2' title='bbox 585 136 940 193; x_wconf 67' lang='lat' dir='ltr'>sYLLA.</span> <span class='ocrx_word' id='word_1_3' title='bbox 1191 131 1309 212; x_wconf 78' lang='lat'>361·</span> 
     </span>
    </p>
   </div>
   <div class='ocr_carea' id='block_1_2' title="bbox 40 224 1355 2560">
    <p class='ocr_par' dir='ltr' id='par_1_2' title="bbox 40 224 1355 2560">
     <span class='ocr_line' id='line_1_2' title="bbox 115 224 1321 309; baseline -0.003 -16"><span class='ocrx_word' id='word_1_4' title='bbox 115 232 212 293; x_wconf 70' lang='lat' dir='ltr'>bar</span> <span class='ocrx_word' id='word_1_5' title='bbox 229 228 342 295; x_wconf 82' lang='lat' dir='ltr'>fine</span> <span class='ocrx_word' id='word_1_6' title='bbox 358 227 570 291; x_wconf 79' lang='lat' dir='ltr'>summo</span> <span class='ocrx_word' id='word_1_7' title='bbox 586 227 776 291; x_wconf 83' lang='lat' dir='ltr'>scelere</span> <span class='ocrx_word' id='word_1_8' title='bbox 791 227 961 309; x_wconf 80' lang='lat' dir='ltr'>poss&#39;e,</span> <span class='ocrx_word' id='word_1_9' title='bbox 974 224 1129 308; x_wconf 83' lang='lat' dir='ltr'>quod</span> <span class='ocrx_word' id='word_1_10' title='bbox 1149 230 1321 289; x_wconf 76' lang='lat' dir='ltr'>malc-</span> 
     </span>
     <span class='ocr_line' id='line_1_3' title="bbox 115 314 1319 390; baseline -0.003 -11"><span class='ocrx_word' id='word_1_11' title='bbox 115 319 304 380; x_wconf 81' lang='lat' dir='ltr'>ficium</span> <span class='ocrx_word' id='word_1_12' title='bbox 318 320 380 379; x_wconf 88' lang='lat' dir='ltr'>in</span> <span class='ocrx_word' id='word_1_13' title='bbox 396 317 516 377; x_wconf 75' lang='lat' dir='ltr'>aliis</span> <span class='ocrx_word' id='word_1_14' title='bbox 534 315 907 390; x_wconf 71' lang='lat' dir='ltr'>vindicaffim,</span> <span class='ocrx_word' id='word_1_15' title='bbox 938 316 1083 375; x_wconf 85' lang='lat' dir='ltr'>idem</span> <span class='ocrx_word' id='word_1_16' title='bbox 1104 316 1165 375; x_wconf 84' lang='lat' dir='ltr'>in</span> <span class='ocrx_word' id='word_1_17' title='bbox 1188 314 1319 375; x_wconf 85' lang='lat' dir='ltr'>illo·</span> 
     </span>
     <span class='ocr_line' id='line_1_4' title="bbox 117 399 1325 481; baseline -0.004 -15"><span class='ocrx_word' id='word_1_18' title='bbox 117 426 244 466; x_wconf 82' lang='lat' dir='ltr'>rum</span> <span class='ocrx_word' id='word_1_19' title='bbox 259 402 438 481; x_wconf 89' lang='lat' dir='ltr'>socio,</span> <span class='ocrx_word' id='word_1_20' title='bbox 453 422 580 463; x_wconf 84' lang='lat' dir='ltr'>cum</span> <span class='ocrx_word' id='word_1_21' title='bbox 593 399 806 477; x_wconf 85' lang='lat' dir='ltr'>scirem,</span> <span class='ocrx_word' id='word_1_22' title='bbox 823 401 1129 470; x_wconf 58' lang='lat' dir='ltr'>defendere.</span> <span class='ocrx_word' id='word_1_23' title='bbox 1154 417 1325 481; x_wconf 76' lang='lat' dir='ltr'>atque</span> 
     </span>
     <span class='ocr_line' id='line_1_5' title="bbox 121 485 1321 570; baseline -0.003 -17"><span class='ocrx_word' id='word_1_24' title='bbox 121 494 270 553; x_wconf 84' lang='lat' dir='ltr'>idem</span> <span class='ocrx_word' id='word_1_25' title='bbox 283 510 390 569; x_wconf 85' lang='lat' dir='ltr'>ego</span> <span class='ocrx_word' id='word_1_26' title='bbox 405 508 584 569; x_wconf 78' lang='lat' dir='ltr'>neque</span> <span class='ocrx_word' id='word_1_27' title='bbox 600 497 668 549; x_wconf 88' lang='lat' dir='ltr'>P.</span> <span class='ocrx_word' id='word_1_28' title='bbox 679 489 883 569; x_wconf 79' lang='lat' dir='ltr'>Syllam</span> <span class='ocrx_word' id='word_1_29' title='bbox 899 485 1193 570; x_wconf 78' lang='lat' dir='ltr'>supplicem</span> <span class='ocrx_word' id='word_1_30' title='bbox 1205 488 1321 549; x_wconf 80' lang='lat' dir='ltr'>fer·</span> 
     </span>
     <span class='ocr_line' id='line_1_6' title="bbox 123 574 1319 656; baseline -0.004 -16"><span class='ocrx_word' id='word_1_31' title='bbox 123 600 206 655; x_wconf 85' lang='lat' dir='ltr'>re,</span> <span class='ocrx_word' id='word_1_32' title='bbox 243 598 429 656; x_wconf 83' lang='lat' dir='ltr'>neque</span> <span class='ocrx_word' id='word_1_33' title='bbox 455 574 674 635; x_wconf 85' lang='lat' dir='ltr'>eosdem</span> <span class='ocrx_word' id='word_1_34' title='bbox 709 574 1003 636; x_wconf 77' lang='lat' dir='ltr'>Marcellos</span> <span class='ocrx_word' id='word_1_35' title='bbox 1024 594 1129 655; x_wconf 80' lang='lat' dir='ltr'>pro</span> <span class='ocrx_word' id='word_1_36' title='bbox 1152 576 1319 654; x_wconf 73' lang='lat' dir='ltr'><strong>hujus</strong></span> 
     </span>
     <span class='ocr_line' id='line_1_7' title="bbox 123 660 1323 747; baseline -0.003 -22"><span class='ocrx_word' id='word_1_37' title='bbox 123 667 307 747; x_wconf 84' lang='lat' dir='ltr'>pericu</span> <span class='ocrx_word' id='word_1_38' title='bbox 313 662 382 722; x_wconf 77' lang='lat' dir='ltr'>lis</span> <span class='ocrx_word' id='word_1_39' title='bbox 396 662 760 740; x_wconf 80' lang='lat' dir='ltr'>lacrymantes</span> <span class='ocrx_word' id='word_1_40' title='bbox 769 660 1211 743; x_wconf 78' lang='lat' dir='ltr'>aspiccrc,neque</span> <span class='ocrx_word' id='word_1_41' title='bbox 1222 665 1323 723; x_wconf 80' lang='lat' dir='ltr'>hu-</span> 
     </span>
     <span class='ocr_line' id='line_1_8' title="bbox 115 746 1323 831; baseline -0.002 -21"><span class='ocrx_word' id='word_1_42' title='bbox 115 754 216 831; x_wconf 66' lang='lat' dir='ltr'>jws</span> <span class='ocrx_word' id='word_1_43' title='bbox 235 747 619 825; x_wconf 81' lang='lat' dir='ltr'>M.Meffallae‚</span> <span class='ocrx_word' id='word_1_44' title='bbox 629 749 875 808; x_wconf 84' lang='lat' dir='ltr'>hominis</span> <span class='ocrx_word' id='word_1_45' title='bbox 890 746 1186 823; x_wconf 77' lang='lat' dir='ltr'>necessarii,</span> <span class='ocrx_word' id='word_1_46' title='bbox 1199 769 1323 829; x_wconf 85' lang='lat' dir='ltr'>pre·</span> 
     </span>
     <span class='ocr_line' id='line_1_9' title="bbox 123 833 1325 915; baseline -0.003 -16"><span class='ocrx_word' id='word_1_47' title='bbox 123 859 218 899; x_wconf 76' lang='lat' dir='ltr'>ces</span> <span class='ocrx_word' id='word_1_48' title='bbox 235 834 490 897; x_wconf 83' lang='lat' dir='ltr'>sustinere</span> <span class='ocrx_word' id='word_1_49' title='bbox 511 838 690 915; x_wconf 87' lang='lat' dir='ltr'>potui.</span> <span class='ocrx_word' id='word_1_50' title='bbox 736 854 917 913; x_wconf 85' lang='lat' dir='ltr'>neque</span> <span class='ocrx_word' id='word_1_51' title='bbox 936 836 1084 894; x_wconf 82' lang='lat' dir='ltr'>enim</span> <span class='ocrx_word' id='word_1_52' title='bbox 1104 833 1179 894; x_wconf 82' lang='lat' dir='ltr'>est</span> <span class='ocrx_word' id='word_1_53' title='bbox 1194 834 1325 895; x_wconf 72' lang='lat' dir='ltr'>caii-</span> 
     </span>
     <span class='ocr_line' id='line_1_10' title="bbox 40 918 1331 996; baseline -0.004 -9"><span class='ocrx_word' id='word_1_54' title='bbox 40 948 42 951; x_wconf 48' lang='lat'><em>*</em></span> <span class='ocrx_word' id='word_1_55' title='bbox 124 924 180 987; x_wconf 75' lang='lat' dir='ltr'>sn</span> <span class='ocrx_word' id='word_1_56' title='bbox 201 918 487 985; x_wconf 54' lang='lat' dir='ltr'>edversam</span> <span class='ocrx_word' id='word_1_57' title='bbox 500 937 746 981; x_wconf 79' lang='lat' dir='ltr'>naturae:</span> <span class='ocrx_word' id='word_1_58' title='bbox 767 942 873 980; x_wconf 87' lang='lat' dir='ltr'>nec</span> <span class='ocrx_word' id='word_1_59' title='bbox 894 924 1087 996; x_wconf 88' lang='lat' dir='ltr'>homo,</span> <span class='ocrx_word' id='word_1_60' title='bbox 1108 942 1213 981; x_wconf 87' lang='lat' dir='ltr'>nec</span> <span class='ocrx_word' id='word_1_61' title='bbox 1236 942 1331 983; x_wconf 68' lang='lat' dir='ltr'>res</span> 
     </span>
     <span class='ocr_line' id='line_1_11' title="bbox 123 1006 1325 1088; baseline -0.003 -15"><span class='ocrx_word' id='word_1_62' title='bbox 123 1008 530 1073; x_wconf 82' lang='lat' dir='ltr'>misericordiae</span> <span class='ocrx_word' id='word_1_63' title='bbox 545 1028 694 1067; x_wconf 84' lang='lat' dir='ltr'>meae</span> <span class='ocrx_word' id='word_1_64' title='bbox 705 1006 1325 1088; x_wconf 79' lang='lat' dir='ltr'>repugnavit.nusquam</span> 
     </span>
     <span class='ocr_line' id='line_1_12' title="bbox 125 1093 1327 1175; baseline -0.004 -15"><span class='ocrx_word' id='word_1_65' title='bbox 125 1118 367 1170; x_wconf 85' lang='lat' dir='ltr'>nomen,</span> <span class='ocrx_word' id='word_1_66' title='bbox 381 1093 648 1175; x_wconf 81' lang='lat' dir='ltr'>nusquam</span> <span class='ocrx_word' id='word_1_67' title='bbox 663 1093 949 1171; x_wconf 82' lang='lat' dir='ltr'>vestigium</span> <span class='ocrx_word' id='word_1_68' title='bbox 969 1094 1173 1155; x_wconf 82' lang='lat' dir='ltr'>fuerat:</span> <span class='ocrx_word' id='word_1_69' title='bbox 1198 1095 1327 1155; x_wconf 80' lang='lat' dir='ltr'>nul·</span> 
     </span>
     <span class='ocr_line' id='line_1_13' title="bbox 121 1180 1331 1257; baseline -0.003 -12"><span class='ocrx_word' id='word_1_70' title='bbox 121 1187 242 1246; x_wconf 83' lang='lat' dir='ltr'>lum</span> <span class='ocrx_word' id='word_1_71' title='bbox 255 1185 491 1256; x_wconf 83' lang='lat' dir='ltr'>crimen,</span> <span class='ocrx_word' id='word_1_72' title='bbox 515 1180 725 1241; x_wconf 77' lang='lat' dir='ltr'>nullum</span> <span class='ocrx_word' id='word_1_73' title='bbox 742 1181 1028 1257; x_wconf 84' lang='lat' dir='ltr'>indicium,</span> <span class='ocrx_word' id='word_1_74' title='bbox 1054 1181 1205 1241; x_wconf 78' lang='lat' dir='ltr'>nulla</span> <span class='ocrx_word' id='word_1_75' title='bbox 1218 1181 1331 1242; x_wconf 87' lang='lat' dir='ltr'><strong>sus·</strong></span> 
     </span>
     <span class='ocr_line' id='line_1_14' title="bbox 124 1265 1329 1354; baseline -0.003 -22"><span class='ocrx_word' id='word_1_76' title='bbox 124 1272 306 1354; x_wconf 75' lang='lat' dir='ltr'>picio-</span> <span class='ocrx_word' id='word_1_77' title='bbox 353 1266 558 1347; x_wconf 84' lang='lat' dir='ltr'>suscepi</span> <span class='ocrx_word' id='word_1_78' title='bbox 577 1266 811 1343; x_wconf 73' lang='lat' dir='ltr'>causam,</span> <span class='ocrx_word' id='word_1_79' title='bbox 829 1274 1141 1348; x_wconf 85' lang='lat' dir='ltr'><strong>Torquate,</strong></span> <span class='ocrx_word' id='word_1_80' title='bbox 1157 1265 1329 1329; x_wconf 85' lang='lat' dir='ltr'>susce·</span> 
     </span>
     <span class='ocr_line' id='line_1_15' title="bbox 124 1353 1331 1440; baseline 0 -25"><span class='ocrx_word' id='word_1_81' title='bbox 124 1361 214 1440; x_wconf 83' lang='lat' dir='ltr'>pi,</span> <span class='ocrx_word' id='word_1_82' title='bbox 255 1371 312 1415; x_wconf 91' lang='lat' dir='ltr'>et</span> <span class='ocrx_word' id='word_1_83' title='bbox 337 1353 444 1415; x_wconf 83' lang='lat' dir='ltr'>feci</span> <span class='ocrx_word' id='word_1_84' title='bbox 473 1354 733 1429; x_wconf 84' lang='lat' dir='ltr'>libenter,</span> <span class='ocrx_word' id='word_1_85' title='bbox 765 1369 828 1412; x_wconf 84' lang='lat' dir='ltr'>ut</span> <span class='ocrx_word' id='word_1_86' title='bbox 857 1374 967 1429; x_wconf 84' lang='lat' dir='ltr'>me,</span> <span class='ocrx_word' id='word_1_87' title='bbox 996 1374 1160 1435; x_wconf 87' lang='lat' dir='ltr'>quem</span> <span class='ocrx_word' id='word_1_88' title='bbox 1194 1357 1331 1416; x_wconf 87' lang='lat' dir='ltr'>boni</span> 
     </span>
     <span class='ocr_line' id='line_1_16' title="bbox 127 1439 1333 1521; baseline -0.003 -16"><span class='ocrx_word' id='word_1_89' title='bbox 127 1441 477 1504; x_wconf 83' lang='lat' dir='ltr'>constantem</span> <span class='ocrx_word' id='word_1_90' title='bbox 497 1439 724 1521; x_wconf 84' lang='lat' dir='ltr'>semper,</span> <span class='ocrx_word' id='word_1_91' title='bbox 755 1456 816 1499; x_wconf 88' lang='lat' dir='ltr'>ut</span> <span class='ocrx_word' id='word_1_92' title='bbox 836 1439 1014 1521; x_wconf 88' lang='lat' dir='ltr'>spero,</span> <span class='ocrx_word' id='word_1_93' title='bbox 1039 1439 1333 1501; x_wconf 84' lang='lat' dir='ltr'>existimas·</span> 
     </span>
     <span class='ocr_line' id='line_1_17' title="bbox 129 1527 1333 1606; baseline -0.002 -16"><span class='ocrx_word' id='word_1_94' title='bbox 129 1530 282 1603; x_wconf 83' lang='lat' dir='ltr'>sent,</span> <span class='ocrx_word' id='word_1_95' title='bbox 314 1527 550 1587; x_wconf 86' lang='lat' dir='ltr'>eundem</span> <span class='ocrx_word' id='word_1_96' title='bbox 566 1548 638 1586; x_wconf 89' lang='lat' dir='ltr'>ne</span> <span class='ocrx_word' id='word_1_97' title='bbox 651 1529 889 1606; x_wconf 85' lang='lat' dir='ltr'>improbi</span> <span class='ocrx_word' id='word_1_98' title='bbox 906 1529 1125 1605; x_wconf 84' lang='lat' dir='ltr'>quidem</span> <span class='ocrx_word' id='word_1_99' title='bbox 1141 1528 1333 1588; x_wconf 87' lang='lat' dir='ltr'>crude·</span> 
     </span>
     <span class='ocr_line' id='line_1_18' title="bbox 71 1612 1335 1692; baseline 0 -19"><span class='ocrx_word' id='word_1_100' title='bbox 71 1627 104 1673; x_wconf 88' lang='grc'>7</span> <span class='ocrx_word' id='word_1_101' title='bbox 129 1617 250 1676; x_wconf 88' lang='lat' dir='ltr'>lem</span> <span class='ocrx_word' id='word_1_102' title='bbox 265 1613 532 1674; x_wconf 86' lang='lat' dir='ltr'>dicerent.</span> <span class='ocrx_word' id='word_1_103' title='bbox 667 1618 778 1673; x_wconf 70' lang='lat' dir='ltr'>Hic</span> <span class='ocrx_word' id='word_1_104' title='bbox 801 1615 879 1672; x_wconf 87' lang='lat' dir='ltr'>ait</span> <span class='ocrx_word' id='word_1_105' title='bbox 892 1612 945 1671; x_wconf 91' lang='lat' dir='ltr'>se</span> <span class='ocrx_word' id='word_1_106' title='bbox 960 1613 1071 1688; x_wconf 79' lang='lat' dir='ltr'>ille,</span> <span class='ocrx_word' id='word_1_107' title='bbox 1090 1614 1335 1692; x_wconf 88' lang='lat' dir='ltr'>Judices,</span> 
     </span>
     <span class='ocr_line' id='line_1_19' title="bbox 128 1699 1339 1781; baseline -0.002 -17"><span class='ocrx_word' id='word_1_108' title='bbox 128 1721 372 1781; x_wconf 78' lang='lat' dir='ltr'>regnum</span> <span class='ocrx_word' id='word_1_109' title='bbox 411 1720 594 1759; x_wconf 87' lang='lat' dir='ltr'>meum</span> <span class='ocrx_word' id='word_1_110' title='bbox 629 1699 770 1759; x_wconf 87' lang='lat' dir='ltr'>ferre</span> <span class='ocrx_word' id='word_1_111' title='bbox 797 1720 915 1759; x_wconf 85' lang='lat' dir='ltr'>non</span> <span class='ocrx_word' id='word_1_112' title='bbox 952 1700 1123 1780; x_wconf 72' lang='lat' dir='ltr'>poss&#39;e.</span> <span class='ocrx_word' id='word_1_113' title='bbox 1186 1702 1339 1779; x_wconf 85' lang='lat' dir='ltr'>quod</span> 
     </span>
     <span class='ocr_line' id='line_1_20' title="bbox 129 1786 1341 1865; baseline -0.002 -16"><span class='ocrx_word' id='word_1_114' title='bbox 129 1787 706 1865; x_wconf 80' lang='lat' dir='ltr'>tandem‚Torquate‚</span> <span class='ocrx_word' id='word_1_115' title='bbox 722 1790 979 1864; x_wconf 81' lang='lat' dir='ltr'>regnum?</span> <span class='ocrx_word' id='word_1_116' title='bbox 998 1786 1341 1865; x_wconf 62' lang='lat' dir='ltr'>consulatfis,</span> 
     </span>
     <span class='ocr_line' id='line_1_21' title="bbox 135 1873 1337 1953; baseline -0.003 -16"><span class='ocrx_word' id='word_1_117' title='bbox 135 1873 340 1949; x_wconf 86' lang='lat' dir='ltr'>credo,</span> <span class='ocrx_word' id='word_1_118' title='bbox 361 1874 504 1932; x_wconf 68' lang='lat' dir='ltr'>meix</span> <span class='ocrx_word' id='word_1_119' title='bbox 537 1875 594 1931; x_wconf 89' lang='lat' dir='ltr'>in</span> <span class='ocrx_word' id='word_1_120' title='bbox 613 1893 728 1951; x_wconf 86' lang='lat' dir='ltr'>quo</span> <span class='ocrx_word' id='word_1_121' title='bbox 749 1892 854 1950; x_wconf 88' lang='lat' dir='ltr'>ego</span> <span class='ocrx_word' id='word_1_122' title='bbox 888 1875 1151 1953; x_wconf 82' lang='lat' dir='ltr'>imperavi</span> <span class='ocrx_word' id='word_1_123' title='bbox 1176 1876 1337 1949; x_wconf 83' lang='lat' dir='ltr'>nibil,</span> 
     </span>
     <span class='ocr_line' id='line_1_22' title="bbox 135 1959 1341 2041; baseline 0.002 -22"><span class='ocrx_word' id='word_1_124' title='bbox 135 1959 236 2023; x_wconf 90' lang='lat' dir='ltr'>sed</span> <span class='ocrx_word' id='word_1_125' title='bbox 253 1961 452 2023; x_wconf 52' lang='lat' dir='ltr'>contr&amp;</span> <span class='ocrx_word' id='word_1_126' title='bbox 467 1961 712 2040; x_wconf 80' lang='lat' dir='ltr'>patribus</span> <span class='ocrx_word' id='word_1_127' title='bbox 735 1959 1080 2041; x_wconf 85' lang='lat' dir='ltr'>conscriptis,</span> <span class='ocrx_word' id='word_1_128' title='bbox 1100 1974 1155 2019; x_wconf 85' lang='lat' dir='ltr'>et</span> <span class='ocrx_word' id='word_1_129' title='bbox 1173 1963 1341 2021; x_wconf 86' lang='lat' dir='ltr'>bonis</span> 
     </span>
     <span class='ocr_line' id='line_1_23' title="bbox 137 2046 1343 2124; baseline -0.002 -15"><span class='ocrx_word' id='word_1_130' title='bbox 137 2046 412 2109; x_wconf 79' lang='lat' dir='ltr'>omnibus</span> <span class='ocrx_word' id='word_1_131' title='bbox 428 2048 580 2124; x_wconf 77' lang='lat' dir='ltr'>parui</span> <span class='ocrx_word' id='word_1_132' title='bbox 602 2068 616 2103; x_wconf 73' lang='grc' dir='ltr'><strong>ε</strong></span> <span class='ocrx_word' id='word_1_133' title='bbox 653 2066 766 2123; x_wconf 87' lang='lat' dir='ltr'>quo</span> <span class='ocrx_word' id='word_1_134' title='bbox 789 2047 850 2103; x_wconf 89' lang='lat' dir='ltr'>in</span> <span class='ocrx_word' id='word_1_135' title='bbox 882 2046 1189 2123; x_wconf 83' lang='lat' dir='ltr'>magistratu</span> <span class='ocrx_word' id='word_1_136' title='bbox 1220 2070 1343 2107; x_wconf 87' lang='lat' dir='ltr'>non</span> 
     </span>
     <span class='ocr_line' id='line_1_24' title="bbox 137 2130 1344 2211; baseline -0.001 -17"><span class='ocrx_word' id='word_1_137' title='bbox 137 2130 460 2195; x_wconf 74' lang='lat' dir='ltr'>institutum</span> <span class='ocrx_word' id='word_1_138' title='bbox 476 2130 549 2191; x_wconf 85' lang='lat' dir='ltr'>est</span> <span class='ocrx_word' id='word_1_139' title='bbox 563 2152 594 2191; x_wconf 77' lang='lat' dir='ltr'><strong>a</strong></span> <span class='ocrx_word' id='word_1_140' title='bbox 610 2152 716 2205; x_wconf 90' lang='lat' dir='ltr'>me,</span> <span class='ocrx_word' id='word_1_141' title='bbox 735 2133 979 2207; x_wconf 86' lang='lat' dir='ltr'>Judices,</span> <span class='ocrx_word' id='word_1_142' title='bbox 995 2133 1344 2211; x_wconf 62' lang='lat' dir='ltr'>regnurmsed</span> 
     </span>
     <span class='ocr_line' id='line_1_25' title="bbox 138 2216 1343 2298; baseline 0 -19"><span class='ocrx_word' id='word_1_143' title='bbox 138 2238 272 2283; x_wconf 72' lang='lat' dir='ltr'>non</span> <span class='ocrx_word' id='word_1_144' title='bbox 295 2216 627 2297; x_wconf 73' lang='lat' dir='ltr'>permissum.</span> <span class='ocrx_word' id='word_1_145' title='bbox 673 2238 744 2275; x_wconf 87' lang='lat' dir='ltr'>an</span> <span class='ocrx_word' id='word_1_146' title='bbox 764 2233 903 2291; x_wconf 87' lang='lat' dir='ltr'>tum,</span> <span class='ocrx_word' id='word_1_147' title='bbox 920 2222 978 2277; x_wconf 88' lang='lat' dir='ltr'>in</span> <span class='ocrx_word' id='word_1_148' title='bbox 996 2234 1155 2277; x_wconf 82' lang='lat' dir='ltr'>tanto</span> <span class='ocrx_word' id='word_1_149' title='bbox 1170 2221 1343 2298; x_wconf 86' lang='lat' dir='ltr'>impe·</span> 
     </span>
     <span class='ocr_line' id='line_1_26' title="bbox 139 2304 1345 2383; baseline -0.003 -15"><span class='ocrx_word' id='word_1_150' title='bbox 139 2306 264 2383; x_wconf 84' lang='lat' dir='ltr'>rio,</span> <span class='ocrx_word' id='word_1_151' title='bbox 285 2318 442 2363; x_wconf 78' lang='lat' dir='ltr'><strong>tanta</strong></span> <span class='ocrx_word' id='word_1_152' title='bbox 462 2304 748 2383; x_wconf 82' lang='lat' dir='ltr'>potestate,</span> <span class='ocrx_word' id='word_1_153' title='bbox 777 2326 899 2363; x_wconf 83' lang='lat' dir='ltr'>non</span> <span class='ocrx_word' id='word_1_154' title='bbox 920 2306 1057 2365; x_wconf 80' lang='lat' dir='ltr'>dicis</span> <span class='ocrx_word' id='word_1_155' title='bbox 1086 2304 1237 2365; x_wconf 78' lang='lat' dir='ltr'>fuisse</span> <span class='ocrx_word' id='word_1_156' title='bbox 1259 2326 1345 2364; x_wconf 86' lang='lat' dir='ltr'>re-</span> 
     </span>
     <span class='ocr_line' id='line_1_27' title="bbox 137 2391 1347 2471; baseline -0.002 -18"><span class='ocrx_word' id='word_1_157' title='bbox 137 2409 302 2471; x_wconf 56' lang='grc' dir='ltr'>ἕως</span> <span class='ocrx_word' id='word_1_158' title='bbox 329 2406 480 2450; x_wconf 88' lang='lat' dir='ltr'>nunc</span> <span class='ocrx_word' id='word_1_159' title='bbox 502 2392 775 2471; x_wconf 85' lang='lat' dir='ltr'>privatum</span> <span class='ocrx_word' id='word_1_160' title='bbox 792 2412 1019 2469; x_wconf 85' lang='lat' dir='ltr'>regnare</span> <span class='ocrx_word' id='word_1_161' title='bbox 1040 2391 1206 2451; x_wconf 84' lang='lat' dir='ltr'>dicis?</span> <span class='ocrx_word' id='word_1_162' title='bbox 1232 2412 1347 2469; x_wconf 86' lang='lat' dir='ltr'>quo</span> 
     </span>
     <span class='ocr_line' id='line_1_28' title="bbox 139 2474 1355 2560; baseline 0 -21"><span class='ocrx_word' id='word_1_163' title='bbox 139 2474 376 2543; x_wconf 75' lang='lat' dir='ltr'>tandem</span> <span class='ocrx_word' id='word_1_164' title='bbox 391 2478 645 2539; x_wconf 78' lang='lat' dir='ltr'>nomine?</span> <span class='ocrx_word' id='word_1_165' title='bbox 672 2477 850 2559; x_wconf 75' lang='lat' dir='ltr'>quod,</span> <span class='ocrx_word' id='word_1_166' title='bbox 876 2480 934 2539; x_wconf 86' lang='lat' dir='ltr'>in</span> <span class='ocrx_word' id='word_1_167' title='bbox 952 2499 1093 2560; x_wconf 86' lang='lat' dir='ltr'>quos</span> <span class='ocrx_word' id='word_1_168' title='bbox 1110 2476 1355 2540; x_wconf 56' lang='lat' dir='ltr'>testimo*</span> 
     </span>
    </p>
   </div>
   <div class='ocr_carea' id='block_1_3' title="bbox 723 2572 791 2640">
    <p class='ocr_par' dir='ltr' id='par_1_3' title="bbox 723 2572 791 2640">
     <span class='ocr_line' id='line_1_29' title="bbox 723 2572 791 2640; baseline 0 0"><span class='ocrx_word' id='word_1_169' title='bbox 723 2572 791 2640; x_wconf 80' lang='lat' dir='ltr'>Q</span> 
     </span>
    </p>
   </div>
  </div>
 </body>
</html>
