1709 3042
668 16 703 39 ³3

338 184 447 245 ¹44
644 173 697 226 o
724 170 775 227 R
800 172 853 226 A
877 170 937 225 ‘r
961 168 992 227 1
1019 172 1069 227 0
1123 170 1206 227 11.

330 268 461 329 nain
476 312 493 343 ,
522 278 580 328 et
609 260 919 346 'graviffiino
957 265 1224 347 supplicio
1247 262 1540 343 affefhnn,

321 355 651 436 jampridem
668 355 982 435 oportebatz
999 353 1166 433 idque
1181 375 1216 413 a
1229 374 1320 414 me
1332 368 1388 413 et
1401 372 1540 415 mos

329 446 629 521 majorum,
648 454 704 501 et
732 438 902 517 hujus
923 442 1141 520 imperii
1169 438 1452 515 severitas,
1474 457 1540 503 et

326 527 628 610 respublica
650 525 975 607 postulabat.
1020 525 1109 586 sed
1127 546 1295 605 quam
1321 525 1542 587 multo&

326 612 482 675 fuiffe
518 616 749 695 putatis,
778 614 900 693 qui,
931 633 1075 693 quae
1103 633 1212 691 ego
1241 612 1542 691 deferrem,

328 722 451 761 non
466 700 781 761 crederent?
806 720 973 779 quam
992 700 1224 776 multos,
1240 701 1337 779 qui
1357 720 1540 780 prop·

328 803 413 847 ter
428 786 710 847 stultitiam
730 806 851 847 non
869 788 1165 864 putarent?
1199 798 1365 867 quam
1387 786 1540 847 mul-

329 890 445 950 tos,
476 876 571 953 qui
586 876 751 933 etiam
768 871 1125 934 defenderent
1146 875 1168 931 3
1201 892 1366 953 quam
1387 873 1542 933 mul·

330 976 445 1036 tos,
462 963 559 1041 qui
574 974 802 1041 propter
822 961 1233 1039 improbitatem
1247 958 1554 1021 faverent?-

330 1068 395 1107 π
424 1046 486 1121 fi,
519 1046 730 1107 sublato
750 1046 851 1105 illo
885 1044 1086 1127 depelli
1105 1068 1139 1105 a
1167 1047 1328 1107 vobis
1359 1066 1542 1107 omne

328 1133 637 1213 periculum
662 1131 1005 1211 judicarem
1039 1134 1164 1212 jam
1187 1131 1403 1213 pridem
1423 1154 1538 1212 ego

332 1228 405 1281 L.
440 1220 739 1280 Catilinam
754 1240 873 1280 non
895 1219 1070 1280 modo
1085 1219 1328 1279 invidiae
1356 1240 1538 1298 meae,

331 1327 528 1368 verum
558 1309 721 1365 etiam
744 1308 892 1365 vitae
921 1306 1168 1386 periculo
1192 1304 1532 1370 sustuliffem.

330 1392 421 1455 sed
438 1414 567 1453 cum
582 1392 849 1468 viderem,
879 1412 952 1450 ne
967 1394 1130 1454 vobis
1163 1391 1388 1473 quidem
1403 1413 1534 1453 om-

328 1482 493 1540 nibus
518 1500 577 1539 re
604 1481 771 1538 etiam
796 1494 912 1537 tum
931 1482 1184 1559 probata,
1199 1476 1236 1538 fi
1253 1478 1434 1555 illum,
1463 1495 1542 1541 ut

328 1567 709 1641 eratmeritus,
734 1581 918 1625 morte
932 1564 1256 1642 multass'em,
1285 1565 1434 1641 fore,
1465 1582 1532 1627 ut

326 1655 448 1731 ejus
486 1650 666 1712 socios
704 1652 916 1713 invidia
951 1650 1232 1733 oppreffus
1279 1650 1538 1732 persequi·

329 1760 448 1799 non
466 1736 689 1819 poffeme
716 1758 837 1798 rem
852 1743 961 1800 huc
977 1738 1203 1812 deduxi,
1215 1751 1281 1797 ut
1295 1753 1414 1799 tum
1429 1760 1530 1819 pn-

328 1826 437 1886 lam
454 1846 697 1905 pugnare
714 1822 964 1905 possetis,
978 1846 1102 1885 cum
1119 1824 1326 1885 hostem
1339 1841 1530 1906 aperte

325 1908 611 1973 v‘ideretis.
628 1928 791 1991 quem
802 1911 1022 1991 quidem
1038 1932 1140 1990 ego
1154 1910 1529 1988 hostem,Qui-

329 2000 484 2075 rites,
496 2018 661 2079 quam
676 2000 1028 2059 vehementer
1043 1997 1188 2059 foris
1203 1996 1306 2059 effe
1323 2002 1527 2079 tIrnen·

239 2160 245 2167 ο
329 2084 460 2143 dum
482 2101 693 2164 putem,
710 2083 841 2144 licet
858 2087 988 2145 hinc
1003 2085 1349 2164 intelligatis,
1365 2084 1524 2165 quod

328 2169 467 2230 iilud
496 2172 663 2229 etiam
690 2169 912 2230 moleste
937 2171 1079 2246 sero,
1109 2171 1262 2251 quod
1288 2192 1364 2231 ex
1389 2175 1526 2235 urbe

330 2275 523 2337 parum
542 2257 841 2315 comitatus
855 2259 1295 2318 exierit.utinam
1307 2258 1526 2323 ilieom-

329 2339 629 2403 nes'secum
652 2340 771 2401 suas
802 2345 993 2424 copias
1018 2343 1313 2405 eduxiss'et!
1356 2352 1414 2407 T
1412 2366 1524 2409 on·
1579 2414 1588 2423 ,

326 2426 517 2503 g'illum
538 2430 675 2487 mihi
689 2429 1084 2509 eduxit,.quem
1097 2438 1278 2491 amare
1291 2434 1352 2491 in
1369 2453 1524 2513 prae·

329 2516 483 2571 texta
504 2512 781 2574 calumnia
810 2532 1106 2597 coeperat:
1138 2518 1442 2585 Publicium
1469 2534 1532 2583 et
