1709 3042
352 156 461 215 166
648 154 1065 211 ORATIO
1122 153 1228 209 111.

344 254 567 324 talibus,
582 266 703 312 tota
716 272 805 309 res
821 270 941 309 non
967 247 1140 308 solum
1157 270 1186 307 a
1203 268 1292 306 me
1299 292 1318 322 ‚
1341 244 1434 309 sed
1447 248 1552 309 eti·

342 358 433 398 am
452 358 485 396 a
502 336 711 412 senatu,
734 352 789 395 et
804 358 834 395 a
850 338 1014 396 vobis
1037 333 1328 394 manifesto
1351 336 1554 415 depre-

338 423 686 483 henderetur.
726 424 916 501 itaque
928 420 1176 480 hesterno
1193 420 1281 478 die
1299 426 1376 481 L.
1389 420 1552 480 Flac·

340 528 488 583 cum,
511 524 567 567 et
594 516 662 570 C.
684 512 990 567 Pontinum
1014 522 1293 586 praetores
1321 506 1552 567 fortiss'i·

334 616 483 669 mos,
514 610 681 673 atque
694 592 1082 653 amantiffimos
1107 592 1447 669 reipublicae
1459 594 1550 653 vi-

338 700 456 752 roS,
474 680 539 738 ad
558 701 643 739 me
660 680 884 740 vocavit
911 698 1024 737 rem
1042 698 1264 737 omnem
1279 679 1546 759 exposui=

334 767 469 847 quid
501 764 616 823 fieri
642 765 899 845 placeret,
923 762 1152 823 ostendi.
1222 763 1306 822 illi
1337 780 1550 841 autem,

336 853 431 931 qui
462 853 654 909 omnia
681 852 749 910 de
779 849 1055 928 republica
1078 848 1355 929 praeclara
1381 866 1554 930 atque

338 939 553 1015 egregia
570 935 857 1011 sentirent,
881 932 1374 1010 finerecusatione,
1395 956 1464 996 ac
1485 936 1552 995 fi-

340 1042 411 1083 ne
466 1023 576 1082 ulla
618 1042 774 1081 mora
820 1022 1109 1099 negotium
1155 1019 1552 1100 susceperunt,

266 1144 275 1149 -
338 1126 414 1185 et,
434 1130 557 1167 cum
574 1107 1058 1187 advesperasceret,
1077 1106 1293 1165 occulte
1309 1107 1381 1165 ad
1399 1130 1548 1184 pon-

340 1212 449 1253 tem
470 1194 728 1253 Milvium
756 1208 1126 1272 pervenerunt
1149 1214 1167 1249 =
1188 1208 1360 1271 atque
1383 1195 1461 1253 ibi
1487 1197 1548 1253 in

340 1282 613 1359 proximis
644 1280 793 1339 villis
826 1280 906 1336 ita
935 1280 1179 1358 bipartiti
1208 1278 1466 1354 fuerunt,
1487 1296 1552 1339 ut

340 1368 563 1426 Tiberis
584 1368 728 1423 inter
750 1385 872 1439 cos,
888 1378 944 1422 et
967 1384 1111 1442 pons
1133 1362 1440 1425 interesset.
1490 1388 1548 1425 e-

336 1452 502 1511 odem
536 1466 715 1509 autem
739 1465 793 1508 et
824 1448 922 1528 ipfi
955 1448 1066 1507 sme
1088 1446 1414 1528 cujusquam
1439 1450 1548 1511 sus-

338 1540 581 1615 picione,
606 1536 813 1595 multos
831 1536 1009 1594 fortes
1025 1537 1179 1595 viros
1205 1534 1550 1612 eduxerunt,

336 1640 393 1682 et
416 1644 517 1700 ego
535 1643 606 1679 ex
628 1622 963 1701 praefeftura
983 1624 1213 1679 Reatina
1229 1623 1549 1701 complures

331 1709 579 1768 delectos
602 1706 998 1779 adolescentes,
1029 1723 1266 1784 quorum
1291 1728 1470 1785 opera
1485 1730 1548 1767 u·

336 1810 432 1854 tor
454 1794 645 1852 assidue
669 1796 727 1851 in
753 1793 1082 1873 reipublicae
1105 1790 1398 1871 praesidio,
1421 1814 1550 1853 cum

333 1880 527 1959 gladiis
564 1876 833 1938 miseram.
884 1880 1107 1937 interim
1139 1880 1300 1935 tertia
1317 1878 1434 1938 fere
1459 1882 1546 1939 vi-

338 1967 469 2043 gilia
485 1968 695 2037 exafia,
726 1985 851 2022 cum
877 1964 994 2040 jam
1015 1979 1250 2043 pontem
1279 1964 1543 2024 Milvium

336 2072 542 2127 magno
574 2050 835 2108 comitatu
863 2049 1025 2125 legati
1051 2046 1421 2127 Allobrogum
1453 2053 1542 2109 in-

334 2138 484 2214 gredi
498 2136 835 2214 inciperent,
861 2154 1082 2212 unaque
1097 2133 1455 2209 VulturciuS,
1479 2136 1543 2194 fit

336 2226 395 2281 in
414 2242 509 2281 eos
532 2224 791 2299 impetus:
816 2220 1124 2279 educuntur
1139 2222 1196 2277 et'
1209 2220 1276 2277 ab
1294 2220 1402 2278 illis
1419 2221 1538 2298 gla-

332 2308 433 2380 dii,
451 2324 505 2365 et
528 2328 558 2364 a
576 2304 795 2364 nostris.
831 2326 918 2364 res
937 2321 1050 2364 erat
1065 2306 1412 2385 praetoribus
1433 2327 1536 2366 no·

328 2406 387 2449 ta
410 2390 565 2449 solis:
594 2392 955 2465 ignorabatur
970 2412 1001 2450 a
1019 2390 1264 2449 caeteris.
1375 2395 1534 2451 Tum
1555 2416 1574 2459 3

332 2478 644 2535 interventu
664 2478 894 2535 Pontini
911 2492 1078 2557 atque
1099 2475 1303 2555 Flacci,
1319 2498 1533 2558 pugna,
