1709 3042
381 169 1151 226 INL.CAT1L1NAm.
1260 173 1364 240 167

159 281 308 345 quae
337 280 458 322 erat
488 259 798 338 commissa,
836 263 1069 324 sedatur.
1147 264 1365 340 literae,

157 369 528 429 quaecunque
549 365 707 407 erant
729 349 788 407 in
813 369 881 407 eo
912 352 1201 424 comitatu,
1224 351 1367 408 inte-

156 441 278 513 gri}
313 435 504 512 (ignis,
537 436 885 515 praetoribus
902 435 1197 494 traduntur
1218 459 1235 494 ε
1267 433 1367 512 ipfi

155 519 558 600 comprehenfi,
590 519 657 580 ad
671 541 784 596 me,
809 521 1059 596 cumjam
1076 521 1367 582 dilucesce-

155 623 267 681 ret,
283 607 654 667 deducuntur.
701 621 867 685 atque
888 609 1085 666 horum
1110 609 1363 668 omnium

153 691 425 752 scelerum
449 693 895 773 improbissimum
932 695 1365 752 machinatorem

157 780 452 838 Cimbrum
477 779 800 851 Gabinium,
829 777 1005 836 statim
1038 778 1107 836 ad
1140 799 1250 852 me,
1274 781 1363 837 ni-

153 863 370 923 hildum
391 863 767 943 suspicantem,
778 866 999 922 vocavi.
1019 862 1215 922 deinde
1228 866 1361 922 item

151 949 436 1009 arcessitur
453 955 522 1008 L.
538 949 804 1023 Statilius,
815 965 871 1007 et
889 947 1007 1025 post
1022 969 1147 1008 eum
1160 953 1360 1008 Cethe-

150 1057 284 1111 gus,
321 1035 615 1094 tardissime
657 1050 836 1094 autem
872 1033 1143 1094 Lentulus
1180 1037 1363 1110 venit,

150 1121 326 1182 credo
357 1120 508 1200 quod
537 1121 708 1179 literis
731 1120 949 1194 dandis,
980 1135 1191 1199 praeter
1220 1141 1359 1179 con·

149 1204 767 1286 suetudinem,proxima
781 1210 945 1265 noste
952 1206 1356 1288 vigilarataeum

147 1313 296 1353 vero
310 1291 531 1352 summis
549 1313 610 1352 ac
625 1292 915 1350 clariffimis
932 1294 1095 1369 hujus
1112 1294 1357 1350 civitatis

148 1381 320 1453 viris,
359 1379 476 1457 qui,
506 1379 690 1455 audita
721 1399 799 1450 re,
825 1377 1140 1456 frequentes
1164 1377 1233 1437 ad
1266 1398 1355 1436 me

147 1485 321 1524 mane
337 1479 736 1537 convenerant,
767 1464 951 1522 literas
970 1485 1001 1520 a
1017 1484 1103 1520 me
1126 1466 1279 1542 prius
1298 1485 1357 1521 a·

149 1551 345 1630 periri,
361 1569 524 1628 quam
543 1549 608 1607 ad
624 1549 865 1607 senatum
886 1547 1157 1622 referrem,
1173 1549 1356 1627 place·-

151 1651 262 1707 ret;
293 1657 388 1707 ne,
411 1634 448 1692 fi
467 1635 604 1693 nihil
621 1632 748 1692 effet
765 1637 1078 1706 inventum,
1104 1649 1305 1693 temere
1322 1654 1355 1692 a
1391 1657 1397 1661 ·

147 1741 240 1780 me
255 1737 450 1780 tantus
476 1721 740 1779 tumultus
765 1722 997 1795 injectus
1030 1721 1239 1778 civitati
1268 1723 1354 1779 vi-

150 1807 416 1877 deretur3
445 1809 644 1882 negavi
662 1826 750 1863 me
764 1805 868 1864 effe
890 1805 1178 1880 facturum,
1209 1823 1270 1864 ut
1286 1807 1354 1864 de

149 1890 404 1970 periculo
423 1893 665 1970 publico,
693 1912 808 1950 non
830 1891 896 1948 ad
915 1889 1194 1949 confilium
1213 1897 1353 1970 pub-

147 1977 324 2036 licum
356 1997 468 2035 rem
497 1979 765 2055 integram
789 1975 1076 2036 deferrem.
1125 1980 1354 2052 etenim,

151 2065 434 2138 QuiriteS,
463 2062 500 2120 fi
519 2084 600 2136 ea,
629 2083 768 2142 quae
784 2079 940 2121 erant
966 2063 1033 2120 ad
1050 2083 1137 2121 me
1154 2063 1350 2137 delata,

149 2161 370 2228 reperta
395 2167 512 2206 non
546 2148 752 2208 effent=
780 2165 963 2206 tamen
989 2169 1091 2224 ego
1122 2169 1240 2206 non
1265 2167 1349 2204 ar·

147 2237 393 2294 bitrabar
422 2236 483 2292 in
521 2236 691 2292 tantis
731 2233 1061 2312 reipublicae
1098 2233 1351 2312 periculis

147 2320 286 2378 mihi
319 2317 424 2378 effe
449 2321 673 2378 nimiam
705 2319 1045 2396 diligentiam
1077 2319 1353 2398 pertimes-

147 2404 408 2464 eendam.
457 2403 698 2463 senatum
721 2406 1059 2484 frequentem
1082 2405 1349 2478 celeriter,

149 2497 213 2550 ut
241 2489 477 2568 vidistis,
504 2493 683 2568 coe'gi.
732 2507 895 2570 atque
918 2489 1347 2566 intere-astam,
