1709 3042
352 158 448 215 IN
475 158 544 214 1..
575 156 1097 216 CATLINAM.
1225 164 1328 219 ‘121

133 278 262 333 nos,
275 276 410 332 nos,
425 256 554 317 dico
567 272 774 337 aperte,
787 255 1037 317 consules
1056 254 1332 317 desumus.

87 358 112 392 2
129 346 394 405 Decrevit
407 344 690 424 quondam
703 342 945 418 senatun,
956 359 1020 403 ut
1036 350 1107 404 L.
1121 346 1336 424 Opimi-

133 452 199 492 us
213 429 412 493 consul
433 430 669 506 videret,
692 451 764 491 ne
773 430 913 509 quid
932 429 1225 510 respubiica
1246 430 1339 490 de-

133 518 380 579 trimenti
393 532 642 601 caperet.
692 534 812 575 nox
835 516 989 575 nulla
1006 516 1329 577 interoeffit·
1310 558 1332 589 ,

130 594 452 665 interfectus
467 602 544 663 est
568 619 796 683 propter
824 602 1106 681 quasdam
1112 599 1338 663 seditio·-

131 712 273 753 num
289 688 622 770 suspiciones
639 696 705 749 C.
725 693 1034 764 Gracchus,
1052 690 1339 771 clarissimo

130 792 318 859 patre,
348 796 482 850 avo,
509 777 850 854 majoribus:
884 775 1094 837 occisus
1120 776 1195 836 est
1210 796 1339 836 cum

129 863 324 924 liberis
340 867 425 923 Μ.
441 863 690 939 Fulvius,
712 862 1039 924 consularis.
1086 862 1241 923 simili
1256 860 1340 922 se-

127 948 576 1024 natusconsulto,
603 956 669 1009 C.
699 950 904 1024 Mario,
933 964 993 1008 et
1014 956 1084 1010 L.
1108 949 1341 1011 Valerio

127 1034 478 1111 consulibua,
501 1034 748 1115 permissa
761 1034 835 1095 est
857 1034 1177 1116 respublica·
1202 1056 1342 1097 num

129 1144 312 1185 unum
345 1122 492 1183 diem
525 1120 706 1201 postea
736 1130 806 1183 L.
825 1125 1206 1204 Saturninum,
1237 1125 1341 1183 tri·

130 1212 352 1271 bunum
367 1208 620 1290 plebis,et
633 1214 700 1268 C.
707 1202 989 1269 Servilium
1007 1224 1342 1290 praetorem,

130 1316 290 1357 mors
309 1316 373 1355 ac
388 1296 714 1374 reipublicae
739 1316 923 1377 poena
937 1312 1205 1357 remorata
1225 1294 1333 1357 est.
1316 1298 1341 1339 Ρ
1386 1331 1393 1337 ·

131 1398 195 1445 at
209 1403 324 1443 nos
339 1381 691 1442 vicesimum
669 1404 788 1459 Jam
811 1382 953 1443 diem
980 1386 1215 1463 patimur
1244 1386 1341 1442 he-

129 1468 354 1531 besceoe
369 1472 542 1529 aciem
560 1470 756 1529 horum
773 1472 1131 1529 auctoritatis..
1177 1472 1346 1529 habe-

133 1576 267 1617 mus
291 1556 442 1615 enim
457 1553 766 1633 hujusmodi
795 1552 1341 1633 senatusconsultum,

133 1656 508 1705 veruntamen
537 1640 804 1701 inclusum
837 1642 900 1701 in
946 1642 1171 1725 tabulis,
1220 1656 1347 1703 tan-

35 1742 46 1750 ·
135 1748 313 1811 quam
338 1731 400 1789 in
414 1730 614 1806 vagina
635 1729 981 1789 reconditum
1002 1750 1019 1788 t
1042 1750 1156 1808 quo
1170 1750 1245 1789 ex
1266 1728 1347 1791 se-

135 1814 564 1877 natusconsulto
595 1813 883 1875 confestim
910 1814 1258 1878 interfectum
1292 1834 1349 1879 te

136 1900 270 1978 effe,
297 1900 556 1977 Catilina,
581 1903 869 1963 convenit.
918 1904 1094 1963 vivise
1127 1918 1184 1965 et
1199 1905 1347 1967 vivis

137 2008 264 2050 non
285 1987 352 2047 ad
379 1986 788 2069 deponendam,
819 1986 908 2050 sed
924 1988 991 2049 ad
1010 1988 1357 2057 confirman-.

138 2076 278 2135 daia
291 2073 594 2135 audaciam.
627 2076 812 2154 cupi0‚
831 2082 1017 2135 Patres
1032 2074 1357 2157 conscripti,
1454 2100 1464 2111 ·

139 2182 234 2223 me
255 2158 364 2220 esse
385 2161 746 2225 clementem:
772 2164 938 2240 cupio
972 2164 1031 2221 in
1055 2164 1232 2227 tantis,
1246 2166 1355 2223 rei·

142 2248 398 2329 publicae
411 2246 666 2327 periculis
682 2268 799 2311 uon
817 2246 1132 2312 diffolutum
1150 2248 1355 2311 videri:

145 2332 369 2411 sedjam
387 2352 474 2393 me
496 2330 669 2413 ipsum
687 2334 939 2410 inertiae,
970 2336 1357 2414 nequitiaeque

145 2418 488 2480 condemno.
533 2417 702 2485 castra
733 2418 943 2483 suntin
976 2420 1133 2484 Italia
1154 2436 1357 2484 contra

147 2504 570 2587 rempublicam,
599 2506 660 2567 in
683 2506 935 2591 Etruriae
962 2507 1211 2570 saucibus
1236 2506 1353 2567 col-
