1709 3042
315 124 428 184 300
621 110 989 165 ORATIO
1028 108 1198 163 PRO

315 206 522 249 turum.
569 188 804 268 denique
818 192 926 249 hoc
943 190 1155 265 primus
1168 188 1351 249 frater
1366 208 1537 250 meus

316 278 380 335 in
397 274 520 333 Asta
533 274 686 347 fecit,
712 291 773 333 ut
789 278 895 334 hoc
913 273 1127 353 sumptu
1146 274 1438 351 remigum
1458 276 1541 334 ci-

316 364 516 421 vitates
537 360 758 419 levaret.
807 362 1013 419 crimen
1031 376 1211 419 autem
1227 376 1359 419 tum
1376 360 1545 433 vide·

318 448 366 505 ri
389 446 547 519 solet,
583 468 704 505 cum
723 446 923 524 aliquis
940 444 1183 526 sumptus
1202 445 1337 505 insti
1346 448 1467 506 tuit
1482 467 1543 505 e-

319 553 412 605 os,
443 534 539 611 qui
569 546 728 589 antea
755 551 875 591 non
906 547 1067 591 erant
1092 531 1365 607 instituti,
1410 553 1543 591 non

320 639 447 677 cum
471 614 732 677 successor
755 618 964 694 aliquid
986 620 1243 677 immutat
1274 617 1351 677 de
1376 616 1543 677 insti-

321 706 456 763 tutis
475 705 740 782 priorum.
789 702 1039 778 Flaccus,
1069 702 1201 782 quid
1227 702 1325 761 alii
1342 702 1543 783 postea

321 786 518 849 facturi
539 786 730 863 effent,
743 787 875 847 scire
888 810 1006 847 non
1022 804 1267 868 poterat:
1292 791 1484 877 quid
1456 788 1541 849 fe-

325 874 538 948 ciss'ent,
556 872 798 935 videbat
857 873 958 933 Sed
965 876 1265 953 ,quoniam
1282 874 1357 934 de
1374 896 1536 935 com·
1560 880 1601 925 ¹5
1661 934 1662 939 ,

325 963 484 1021 muni
501 961 672 1019 totius
690 958 844 1017 Aliae
857 962 1087 1019 crimine
1100 960 1308 1019 dictum
1318 960 1405 1020 est
1406 982 1537 1062 ,83-

326 1046 575 1126 grediar’
551 1066 666 1123 Jam
681 1045 748 1104 ad
763 1043 995 1121 singulas
1010 1047 1286 1105 civitates:
1308 1068 1389 1105 ex
1408 1049 1537 1128 qui·

327 1136 436 1193 bus
457 1130 521 1191 fit
535 1130 662 1193 sane
691 1131 856 1213 uobis
880 1133 1057 1211 prima
1084 1133 1281 1191 civitas
1314 1139 1531 1193 Acmo-

329 1216 533 1279 neusss,
580 1219 714 1277 citat
741 1237 943 1296 praeco
965 1237 1101 1277 voce
1124 1219 1371 1277 maxima
1386 1218 1531 1296 lega-

331 1320 424 1364 tos
455 1301 848 1363 Acmonenses.
896 1303 1147 1383 procedit
1174 1324 1325 1363 unus
1342 1303 1528 1363 Ascle·

331 1389 538 1473 piades.
587 1388 880 1471 prodeant.
926 1391 1163 1449 etiamne
1192 1410 1527 1467 praeconem

333 1473 819 1552 mentiricoe‘gisti?
845 1474 923 1533 est
944 1471 1115 1549 enim,
1131 1474 1366 1549 crede,
1350 1496 1401 1534 is
1416 1477 1526 1550 vir,

333 1562 452 1635 iste,
481 1578 542 1621 ut
577 1562 816 1621 civitatis
845 1580 1053 1619 nomen
1087 1558 1179 1620 sua
1202 1563 1526 1621 audior-itate

335 1647 626 1709 sustineat:
651 1646 942 1707 damnatus
966 1646 1273 1724 turpissimis
1301 1647 1523 1723 judiciis

335 1734 512 1807 domi,
537 1747 760 1793 notatus
778 1732 951 1790 literis
973 1732 1245 1809 publicis·
1272 1732 1433 1808 cujus
1456 1732 1521 1791 de

338 1822 578 1902 probris,
593 1818 893 1891 adulteriis,
914 1838 977 1880 ac
993 1816 1187 1895 stupris
1202 1833 1398 1876 extant
1412 1824 1519 1879 Ac·

337 1902 682 1967 monentium
701 1902 915 1963 literae.
938 1924 1075 1981 quas
1090 1922 1197 2005 ego
1210 1923 1329 1963 non
1352 1901 1517 1963 solum

337 2005 565 2073 propter
578 1988 1003 2067 longitudinem,
1017 1988 1107 2049 sed
1124 1990 1289 2047 etiam
1304 2006 1518 2071 propter

339 2076 688 2156 turpissimam
725 2072 1155 2136 obscoenitatem
1200 2078 1511 2151 verborum,

340 2160 759 2245 praetereundas
783 2176 941 2239 puto.
988 2160 1137 2219 dixit·
1156 2160 1366 2239 publice
1392 2160 1515 2221 data

339 2249 718 2309 drachmarum
763 2266 891 2305 ccv
906 2268 925 2304 1
962 2245 1153 2305 millia.
1231 2246 1371 2305 dixit
1394 2260 1511 2305 tan-

345 2349 497 2395 tumt
533 2333 668 2393 nihil
697 2330 953 2406 ostendit,
984 2330 1123 2391 nihil
1138 2332 1403 2411 protulit}
1426 2330 1509 2393 sed

340 2418 597 2505 adjugm’t
619 2418 698 2497 id,
729 2417 883 2501 quod
910 2432 1081 2496 certe,
1116 2418 1379 2499 quoniam
1402 2432 1508 2479 emt
