1709 3042
463 144 535 200 L.
563 144 626 199 M
655 141 709 197 U
736 142 788 198 R
813 140 863 197 E
886 140 943 196 N
971 142 1039 198 A.
1225 148 1331 205 24¹

135 264 264 305 rum
277 243 344 301 in
363 245 624 313 Murena,
649 252 814 317 atque
831 238 891 296 in
908 235 1149 316 Suspicio
1163 226 1339 293 fuisseae

137 330 319 390 dicam
328 330 449 404 jam
468 326 923 405 apex‘tius,in·qu0
936 340 1091 381 meus
1106 317 1343 381 neceffn-

140 417 260 475 rius
277 413 446 471 suerit
463 410 694 471 inferior
707 411 950 483 Servius,
976 421 1033 465 et
1060 428 1125 466 ea
1138 407 1343 482 dicam,

139 502 308 560 vobis
325 496 700 570 audientibus,
722 492 921 555 miffi)
936 494 1054 571 jam
1066 508 1344 573 ternpore,

143 604 290 664 quae
303 581 406 663 ipfi
423 580 546 657 soli,
561 600 620 640 re
635 581 874 657 integra,
896 577 1049 657 saepe
1064 579 1207 639 dixi.
1244 598 1345 658 pe·

145 685 266 729 tere
281 666 630 730 consulatum
645 664 852 725 nestire
868 666 1095 738 re,Serv1
1100 707 1120 739 ‚
1132 664 1347 745 persae-

145 776 216 837 pe
229 756 338 814 tibi
353 753 511 813 dixi=
539 766 594 811 et
609 752 670 810 in
685 752 754 810 iis
769 754 931 811 rebus
946 749 1093 831 ipsis,
1122 770 1261 829 quas
1293 766 1351 811 te

145 860 361 917 magno
378 854 432 897 et
453 836 586 897 forti
616 839 801 895 animo
831 850 887 895 et
908 856 1064 913 agere
1086 851 1141 895 et
1172 836 1350 896 dicere

145 927 431 999 videbam,
455 924 558 982 tibi
577 921 768 981 solitus
793 920 907 981 sum
940 922 1142 997 dicere,
1173 925 1349 1000 magis

147 1028 204 1072 te
233 1000 440 1070 fortem
464 1006 770 1069 senatorem
799 1000 933 1067 mihi
960 1009 1160 1083 videri,
1184 1027 1355 1086 quam

145 1098 452 1177 sapientem
489 1092 863 1153 candidatum.
924 1095 1163 1175 primum
1192 1110 1353 1155 accu-

147 1180 312 1243 sandi
333 1194 575 1242 terrores
593 1194 652 1239 et
669 1182 873 1252 minae,
904 1181 1107 1258 quibus
1132 1195 1189 1238 tu
1208 1200 1352 1259 quo·

151 1268 292 1328 tidie
305 1268 390 1325 uti
409 1265 644 1340 subdite,
675 1262 804 1324 sunt
823 1264 989 1324 fortis
1008 1267 1153 1325 viri·
1185 1265 1274 1325 sed
1298 1280 1357 1325 et

149 1352 352 1436 popuii
367 1344 690 1432 opinionem
706 1370 736 1409 a
747 1348 838 1431 spe
850 1350 1183 1431 adipiscendi
1198 1364 1356 1412 aver-

149 1453 312 1514 tunt,
337 1452 394 1497 et
417 1439 716 1497 amicorum
731 1436 903 1496 studia
918 1436 1229 1497 debilitant.
1258 1458 1359 1496 ne

151 1525 274 1587 scio
297 1544 414 1603 quo
436 1528 594 1606 paeto
619 1521 826 1601 semper
847 1526 960 1581 hoc
978 1523 1074 1581 fitz
1101 1544 1281 1603 neque
1296 1527 1357 1584 in

150 1630 278 1671 uno
293 1624 386 1669 aut
399 1609 572 1667 altero
584 1608 1018 1668 animadversum
1034 1608 1128 1684 est,
1144 1608 1265 1670 sed
1239 1630 1359 1687 Jam

153 1700 216 1757 in
235 1696 510 1777 pluribus.
525 1692 846 1773 fimulatque
855 1695 1182 1754 candidatus
1200 1718 1361 1758 accu-

153 1781 432 1842 sationem
449 1779 696 1837 meditari
712 1778 856 1839 visus
882 1780 977 1853 est,
1000 1795 1063 1840 ut
1084 1784 1359 1843 honorem

155 1864 460 1947 desperaffe
479 1865 749 1927 videatur.
815 1866 987 1945 qui-d?
1014 1888 1147 1944 ergo
1168 1890 1361 1950 accep·

157 1970 283 2015 tam
295 1952 558 2028 injuriam
577 1950 825 2031 persequi
841 1973 957 2011 non
972 1952 1179 2031 piacet?
1189 1958 1363 2016 immo

155 2040 540 2098 vehementer
533 2038 752 2115 placet.
779 2036 868 2097 sed
892 2036 1037 2097 aliud
1061 2054 1274 2121 tempus
1290 2042 1367 2103 est
1444 2056 1449 2061 “

157 2124 416 2207 petendi,
455 2120 606 2181 ahud
635 2122 1014 2203 persequendi.
1072 2130 1367 2206 petitorem

151 2230 300 2288 ·,ego
325 2208 638 2290 praesertim
661 2209 999 2285 consulatus,
1020 2232 1219 2313 magna
1250 2213 1365 2294 spe,

159 2314 376 2371 magno
417 2297 631 2368 animo,
676 2298 893 2373 magnis
924 2298 1097 2376 copiis
1118 2314 1175 2357 et
1198 2299 1255 2358 in
1278 2300 1367 2361 fo·-

155 2393 372 2455 mm‚'et
385 2382 446 2439 in
463 2399 713 2459 campum
727 2382 867 2441 dedu
874 2404 923 2441 ει
906 2382 1095 2442 volo.
1110 2406 1229 2445 non
1249 2387 1366 2465 pla-

162 2481 258 2532 cet
273 2468 412 2527 mihi
423 2464 706 2547 inquifitio
721 2467 1017 2548 candidati,
1036 2474 1368 2551 praenuntia
