1709 3042
336 163 445 219 ³572
600 154 1036 209 ORATIO
1087 156 1200 210 ΠΙ,

326 260 413 303 ter
429 242 482 305 se
500 242 855 325 aspiciebant,
881 262 942 305 ut
957 268 1076 307 non
1087 249 1205 325 jam
1223 249 1295 307 ab
1311 248 1434 310 aliis
1451 253 1541 310 in·

326 332 522 406 dica-ti,
570 330 659 391 sed
692 332 936 392 indicare
971 332 1026 393 se
1055 334 1152 413 ipsi
1189 335 1538 398 viderentur.
1688 392 1689 399 ,

328 418 557 479 Iudiciis
572 416 860 497 expolitis-0,
877 434 1042 499 atque
1055 421 1242 495 editis,
1259 424 1538 499 Quirites,
1563 449 1590 490 6

328 503 573 565 senatum
590 502 864 579 consului,
885 505 954 563 de
978 505 1182 565 summa
1205 508 1540 587 reipublicae
1688 516 1689 541 ¹

331 590 467 670 quid
484 589 600 649 fieri
624 590 888 669 placeret.
934 592 1110 651 dietae
1123 591 1252 652 sunt
1268 613 1302 652 a
1323 597 1538 672 princi·

330 680 491 759 pibus
505 680 795 737 acetrimae
810 699 875 737 ac
889 677 1198 737 fortiffimae
1211 677 1541 759 sententiae,

334 784 473 845 quas
490 760 707 823 senatus
722 762 837 823 fine
848 763 961 823 ulla
976 766 1240 823 varietate
1253 765 1328 826 est
1343 767 1542 829 conse·

329 868 515 913 cutus.
548 866 603 909 et
625 852 892 928 quoniam
910 848 1162 911 nondum
1176 850 1252 910 est
1267 852 1542 935 perscrip-

336 954 457 999 tum
474 934 692 995 senatfis
710 935 1046 1014 consultum,
1061 958 1135 997 ex
1149 942 1422 1000 memoria
1435 962 1542 1001 vo·

331 1026 441 1099 bis,
465 1026 733 1098 Quirites„
749 1023 884 1101 quid
901 1022 1118 1083 senatus
1133 1023 1433 1101 censuerit,
1441 1048 1542 1088 ex·

232 1139 242 1146 ·
332 1132 562 1193 ponam.
590 1112 829 1190 primum
844 1112 980 1171 mihi
993 1113 1202 1188 gratiae
1215 1114 1408 1173 verbis
1425 1118 1542 1174 ani·

332 1198 573 1280 plissimis
590 1213 851 1274 aguntur,
867 1198 1019 1276 quod
1035 1200 1264 1273 virtute,
1283 1199 1542 1275 confilio,

333 1284 685 1367 providentia
706 1304 853 1358 mea5
873 1282 1172 1362 respublica
1195 1286 1458 1364 perieulis
1479 1286 1546 1347 fit

334 1373 592 1433 maximis
608 1370 860 1431 liberata:
891 1370 1090 1431 deinde
1109 1376 1178 1431 L.
1199 1370 1460 1450 Flaccus,
1489 1388 1546 1433 et

338 1464 409 1520 C.
435 1460 711 1519 Pontinus
746 1472 1050 1536 praetores,
1085 1458 1236 1537 quod
1265 1478 1462 1519 eorum
1479 1482 1544 1520 o-

335 1566 467 1627 pera
480 1543 616 1604 forti
638 1542 892 1622 fidelique
907 1542 1033 1603 usus
1055 1544 1238 1618 estem,
1255 1547 1465 1606 merito
1481 1568 1545 1608 ae

330 1634 459 1712 jure
487 1630 776 1691 laudantur
800 1652 817 1689 t
850 1645 1016 1709 atque
1051 1632 1214 1690 etiam
1237 1634 1370 1691 viro
1383 1632 1548 1709 forti,
1689 1662 1691 1767 γ

336 1718 578 1795 collegae
594 1737 741 1791 meo,
760 1717 878 1776 laus
893 1718 1228 1795 impertitur,
1247 1718 1408 1796 quod
1421 1740 1550 1793 eos,

338 1808 441 1885 qui
462 1804 627 1881 hujus
658 1804 1070 1881 conjurationis
1092 1805 1394 1884 participes
1417 1804 1552 1865 fuis·-
1689 1782 1691 1901 1

338 1890 482 1965 sent,
504 1890 657 1951 asnis
686 1905 743 1949 et
756 1888 1087 1969 reipublicae
1103 1888 1343 1950 confiliis
1359 1912 1552 1953 remo·-
1690 1910 1691 1913 ’

339 1978 522 2043 visset.
568 1992 736 2055 atque
753 1978 827 2035 ita
848 1972 1201 2050 censuerunt,
1226 1993 1292 2035 ut
1314 1985 1380 2037 P.
1401 1984 1554 2039 Leni-

252 2076 259 2083 '
340 2065 515 2141 tuluS,
531 2084 657 2123 cum
670 2062 725 2123 se
740 2078 998 2143 praetura
1017 2061 1330 2139 abdicasset,
1347 2079 1474 2125 tum
1489 2068 1554 2126 in

343 2152 643 2213 custodiam
662 2150 992 2210 traderetur:
1005 2152 1250 2230 itemque
1266 2153 1350 2211 uti
1364 2157 1554 2212 C.Ce-

242 2270 247 2275 ·
344 2244 567 2315 thegus,
580 2236 922 2312 L.Statilius‚
933 2238 1298 2311 P.Gabinius,
1309 2240 1412 2317 qui
1429 2259 1556 2299 om·

326 2340 449 2387 'nes
482 2324 791 2404 praesentes
818 2338 1002 2399 erant,
1029 2326 1090 2383 in
1113 2322 1418 2385 custodiam
1441 2340 1556 2385 tta·

345 2410 607 2472 den-entur
624 2433 641 2468 ε
674 2425 841 2489 atque
869 2409 1010 2469 idem
1041 2414 1150 2469 hoc
1171 2408 1556 2471 decretumest

342 2494 409 2555 iu
424 2500 496 2555 L.
512 2494 761 2573 camum,
774 2498 874 2575 qui
887 2494 984 2557 fibi
995 2500 1452 2577 procurationem
1465 2499 1552 2559 iw-
