1709 3042
471 147 1055 206 L.MUREN;Q.
1238 146 1351 216 269

46 315 52 320 ,
147 250 227 310 ri.
257 246 398 308 inita
413 243 612 307 suntin
627 239 1233 319 haecivitateconfilia,
1252 249 1352 320 ju·-

44 403 48 414 ,
145 335 330 410 dices,
349 335 498 393 urbis
521 331 804 406 delendae,
835 333 1043 394 civium
1072 329 1353 392 trucidata.

44 428 49 437 '
147 421 379 494 dorum,
419 421 666 480 nominis
691 419 934 480 Romani
964 417 1350 494 extinguendi.

145 522 328 585 «atque
341 508 474 564 haec
489 508 662 578 cives,
687 507 860 579 cives,
883 507 1135 582 inquam,
1160 500 1229 572 (fi
1250 523 1351 564 eos
1394 509 1398 514 “

41 659 47 669 ,
145 595 264 652 hoc
295 593 522 650 nomine
545 589 802 671 appellari
835 591 920 650 fas
950 589 1053 666 est)
1084 589 1151 647 de
1174 591 1354 668 patria

41 683 46 690 '
145 676 244 738 sua
261 693 320 736 et
331 678 608 754 cogitant,
621 693 676 735 et
691 679 1100 754 cogitaverunt.
1147 678 1351 736 horum

145 784 259 842 ego
289 763 540 842 quotidie
561 761 800 824 consiliis
831 782 1088 836 occurro,
1130 762 1353 823 audaci·-

143 871 238 910 am
255 848 504 924 debilito,
533 848 718 910 sceleri
742 848 940 911 refist0.
988 846 1077 908 sed
1092 869 1197 908 vos
1228 869 1351 908 mo-

33 1009 40 1020 ·
143 957 284 1008 neo,
305 935 554 1012 Judicesz
581 936 642 994 in
655 938 806 996 exitu
831 933 1029 1014 estjam
1046 953 1201 997 meus
1220 955 1354 996 con-

34 1037 36 1044 ·
82 1037 86 1041 ·
141 1021 377 1082 sulatust
409 1023 584 1082 nolite
605 1024 741 1082 mihi
759 1021 1067 1082 subtrahere
1082 1023 1351 1082 vicarium

140 1128 301 1168 meae
329 1105 643 1186 diligentiae
665 1129 688 1168 ε.
715 1109 889 1168 nolite
928 1107 1161 1166 adimere
1199 1128 1349 1183 eum,

144 1195 239 1254 cni
265 1192 658 1273 rempublicam
689 1197 854 1274 cupio
886 1193 1099 1253 tradere
1130 1193 1348 1252 incolu-

30 1293 33 1300 ’
143 1299 320 1356 mem,
349 1282 418 1338 ab
451 1281 544 1338 hia
561 1281 734 1338 tantis
758 1275 1013 1359 periculis
1044 1279 1345 1340 defenden-

28 1351 32 1386 ¹
66 1381 122 1432 38
141 1364 296 1426 dam.
430 1371 618 1445 Atque
645 1365 714 1424 ad
746 1369 881 1426 haec
912 1366 1074 1439 mala,
1098 1366 1348 1442 Judiees,

28 1463 30 1470 '
143 1449 286 1529 quid
317 1449 540 1512 accedat
563 1451 734 1524 aliud,
757 1472 882 1512 non
912 1449 1111 1512 vide'tis
1135 1453 1155 1510 ἓ
1188 1467 1265 1526 te,
1287 1467 1347 1512 te

141 1534 386 1616 appello,
411 1543 553 1598 Cato
568 1559 586 1596 ι
618 1557 812 1596 nonne
835 1535 1097 1617 prospicis
1115 1535 1345 1618 tempesa.

141 1623 588 1682 tatem-annm&
601 1623 718 1701 jam
737 1625 885 1684 enim
902 1622 1144 1682 hesterna
1158 1625 1348 1684 conci·

139 1727 260 1768 one
301 1710 552 1768 intonuit
589 1729 706 1768 vox
742 1708 1047 1787 perniciosa
1078 1709 1345 1788 designati

140 1794 380 1868 tribuni,
401 1793 642 1872 collegae
661 1796 771 1853 tuit
803 1811 1003 1856 contra
1018 1816 1181 1875 quem
1198 1799 1342 1857 mul-

139 1895 264 1940 tum
281 1894 377 1938 tua
391 1899 574 1954 menz,
599 1880 828 1939 multum
843 1901 1039 1942 omnes
1056 1883 1190 1942 boni
1207 1905 1340 1962 pro·

138 1963 426 2038 viderunt,
457 1969 555 2044 qui
584 1982 638 2026 te
669 1966 739 2024 ad
770 1967 1084 2026 tribunatus
1114 1972 1341 2047 petitio·

137 2071 270 2112 nem
293 2069 658 2114 vocaverunt.
709 2054 918 2126 omnia,
953 2073 1092 2131 quae
1114 2076 1211 2134 per
1234 2059 1343 2116 hoe

137 2138 446 2200 triennium
467 2139 672 2214 agitata
687 2135 810 2198 sunt
818 2139 939 2215 jam
954 2142 1022 2199 ab
1043 2160 1110 2198 eo
1126 2156 1341 2222 tempo.

118 2244 224 2300 we,
239 2244 358 2302 quo
374 2243 406 2282 a
421 2229 494 2282 L.
513 2225 774 2298 Catilina,
795 2241 850 2282 et
876 2230 984 2284 Cn.
1004 2223 1200 2285 Pisone
1229 2230 1341 2290 ini-

133 2325 260 2372 tum
275 2307 558 2370 confilium
573 2307 788 2368 senatus
809 2309 1171 2372 interficiendi
1190 2311 1341 2376 scitis

133 2394 282 2466 ess'e3
309 2395 371 2453 in
387 2398 492 2454 hos
510 2395 649 2472 diez,
680 2397 740 2456 in
763 2400 868 2456 hos
889 2395 1122 2474 menses,
1147 2402 1205 2459 in
1227 2405 1338 2466 hoc

136 2497 362 2564 tempus
383 2496 702 2564 erumpunt.
749 2483 846 2560 qui
868 2482 1024 2544 loeus
1047 2484 1144 2564 est,
1175 2486 1341 2566 judin
