1709 3042
515 174 985 233 P.sYLLA.
1247 174 1353 251 381

159 284 388 347 tares‚et
399 268 526 330 satis
537 268 802 331 idoneum
813 270 985 330 officii
1000 268 1243 347 judicem
1258 292 1365 352 po·

162 357 341 421 suisst.
379 374 446 416 -at
480 356 696 417 accusat
729 363 796 417 C.
831 357 1079 415 Cornelii
1118 356 1285 431 filius,
1312 360 1365 417 i-

163 444 404 521 demque
420 442 604 502 valere
616 443 807 516 debet,
829 464 895 502 ac
914 442 955 501 fi
984 458 1135 521 pater
1158 442 1365 503 indica-

165 545 276 591 ret.
297 532 336 590 ὁ
357 544 566 608 patrem
583 528 905 589 Cornelium
922 527 1363 608 sapientem!qui‚

167 615 326 697 quod
341 618 572 695 praemii
595 616 728 676 solet
749 614 852 674 effe
883 618 942 675 in
967 615 1199 688 indicio,
1238 616 1363 675 reli·

167 705 378 783 queritz
397 702 548 780 quod
563 702 917 780 turpitudinis
934 702 1363 777 in·confeffione,

167 789 228 849 id
245 810 344 869 per
365 786 766 849 accusationem
794 788 893 847 filii
919 786 1227 867 susceperit.
1276 786 1363 847 sed

169 874 310 955 quid
331 873 408 934 est
427 874 672 949 tandem,
693 874 842 953 quod
866 875 1073 934 indicat
1087 874 1185 953 pe'r
1205 874 1363 935 istum

169 981 406 1043 puerum
436 962 728 1021 Cornelius
750 961 771 1019 ἓ
801 959 842 1020 fi
864 960 939 1021 est
952 960 1110 1020 causa
1123 962 1256 1021 mihi
1280 964 1365 1039 ig·

171 1063 336 1121 nota,
359 1068 484 1107 cum
500 1045 798 1109 Hortenfio
811 1047 1248 1107 communicata:
1279 1068 1365 1107 re-

170 1132 443 1214 spondeat
465 1132 810 1194 Hortenfius.
832 1131 913 1192 fin
932 1148 989 1193 tu
1006 1136 1087 1193 ais
1102 1133 1251 1193 illum
1268 1154 1363 1195 co·

171 1223 430 1281 mitatum
461 1222 726 1281 Autronii
745 1234 803 1279 et
827 1218 1121 1293 Catilinae,
1150 1241 1274 1280 cum
1303 1222 1363 1282 in

169 1328 394 1384 campo,
406 1304 780 1366 consularibus
795 1306 1058 1379 comitiis,
1074 1325 1215 1383 quae
1230 1326 1261 1363 a
1276 1328 1367 1367 me

169 1395 364 1454 habita
400 1390 548 1469 sunt,
577 1392 794 1453 caedem
833 1392 1010 1452 fa'cere
1032 1392 1325 1453 voluerunt
1342 1414 1359 1453 ε

171 1480 514 1539 Autronium
535 1494 653 1539 tum
675 1479 736 1539 in
757 1497 953 1559 campo
980 1479 1218 1537 vidimus
1232 1500 1253 1535 z
1286 1494 1364 1555 et,

169 1566 308 1646 quid
325 1564 440 1623 dixi
453 1564 793 1625 vidisse-nos?
817 1585 921 1641 ego
936 1564 1070 1624 vidi.
1096 1584 1201 1623 vos
1216 1566 1363 1625 enim

171 1668 316 1727 mm,
347 1649 590 1727 Judices‚
625 1651 762 1711 nihil
795 1651 1152 1723 laborabatis,
1186 1670 1369 1728 neque

173 1736 606 1817 fiispicabamini.
653 1758 764 1815 ego
786 1742 959 1797 tectus
982 1735 1245 1817 praesidio
1270 1736 1368 1796 fir·

175 1844 274 1885 mo
295 1824 620 1899 amicorum,
643 1823 911 1883 Catilinae
928 1837 1047 1883 tum
1070 1838 1127 1881 et
1156 1828 1368 1883 Autro-

176 1911 262 1969 nii
277 1912 552 1989 copiaS‚et
567 1924 828 1969 conatum
843 1908 1053 1987 repreffi
1063 1951 1078 1967 .
1096 1929 1229 1967 num
1243 1912 1369 1989 quis

173 1994 254 2057 est
265 1996 454 2073 igitur,
471 1996 568 2075 qui
591 2010 706 2055 tum
721 1995 869 2055 dicat
884 1997 943 2053 in
960 2014 1213 2075 campum
1228 1994 1369 2075 aspi·

176 2081 316 2143 raffe
333 2081 564 2159 Syllam?
590 2083 745 2159 atqui
766 2080 806 2141 fi
829 2096 947 2139 tum
966 2078 1017 2138 se
1032 2083 1155 2138 c'um
1176 2082 1369 2141 catili-

175 2188 252 2229 na
273 2166 530 2227 societate
545 2166 757 2226 sceleris
776 2167 1170 2242 conjunxerat,
1190 2185 1287 2225 cur
1300 2168 1371 2226 ab

173 2274 248 2315 eo
267 2252 600 2313 discedebat?
623 2273 724 2313 cur
737 2272 864 2312 cum
881 2251 1160 2309 Autronio
1180 2270 1299 2309 non
1313 2271 1373 2309 e·

173 2340 295 2401 rat?
321 2339 430 2399 cur‘
439 2341 500 2397 in
521 2338 638 2420 pari
652 2336 808 2399 causa
825 2356 943 2396 non
960 2339 1111 2417 paria
1124 2334 1271 2414 figna
1286 2357 1378 2395 re·

173 2426 470 2507 periuntur
483 2424 756 2485 criminis?
771 2422 860 2483 sed
877 2423 1141 2503 quoniam
1160 2420 1375 2481 Corne·

173 2512 290 2575 lius
314 2508 424 2593 ipse
445 2511 609 2573 etiam
639 2530 793 2573 nunc
816 2508 885 2573 de
898 2508 1196 2573 indicando
1212 2508 1377 2571 dubi-
